|j|KingofBel92
|j|SuperSaiyanGodZero
|player|p1|KingofBel92|170
|player|p2|SuperSaiyanGodZero|266
|gametype|singles
|gen|6
|tier|Battle Factory
|rated
|seed|24445,49141,62553,48963,55382,14275,47937,5753,39063,17396,28595,38700
|rule|Sleep Clause Mod: Limit one foe put to sleep
|clearpoke
|poke|p1|Suicune|item
|poke|p1|Darmanitan, M|item
|poke|p1|Tentacruel, M|item
|poke|p1|Bronzong|item
|poke|p1|Mienshao, M|item
|poke|p1|Rotom-Heat|item
|poke|p2|Sharpedo, M|item
|poke|p2|Porygon-Z|item
|poke|p2|Darmanitan, M|item
|poke|p2|Rhyperior, M|item
|poke|p2|Mienshao, M|item
|poke|p2|Forretress, M|item
|rule|HP Percentage Mod: HP is shown in percentages
|rule|Mega Rayquaza Clause: You cannot mega evolve Rayquaza
|teampreview
|choice|team 3, team 2, team 1, team 4, team 5, team 6|team 1, team 2, team 3, team 4, team 5, team 6
|
|start
|switch|p1a: Tentacruel|Tentacruel, M|100/100
|switch|p2a: Sharpedo|Sharpedo, M|100/100
|turn|1
|choice|move toxicspikes|move crunch mega
|
|detailschange|p2a: Sharpedo|Sharpedo-Mega, M
|-mega|p2a: Sharpedo|Sharpedo|Sharpedonite
|move|p2a: Sharpedo|Crunch|p1a: Tentacruel
|-damage|p1a: Tentacruel|40/100
|move|p1a: Tentacruel|Toxic Spikes|p2a: Sharpedo
|-sidestart|p2: SuperSaiyanGodZero|move: Toxic Spikes
|
|-heal|p1a: Tentacruel|46/100|[from] item: Black Sludge
|upkeep
|turn|2
|choice|move knockoff|move crunch
|
|move|p2a: Sharpedo|Crunch|p1a: Tentacruel
|-damage|p1a: Tentacruel|0 fnt
|faint|p1a: Tentacruel
|
|upkeep
|choice|switch 6|
|
|switch|p1a: Rotom|Rotom-Heat|100/100
|turn|3
|choice|move voltswitch|move hydropump
|
|move|p1a: Rotom|Volt Switch|p2a: Sharpedo
|-supereffective|p2a: Sharpedo
|-damage|p2a: Sharpedo|0 fnt
|faint|p2a: Sharpedo
|choice|switch 5|
|
|switch|p1a: Mienshao|Mienshao, M|100/100
|
|upkeep
|choice||switch 3
|
|switch|p2a: Darmanitan|Darmanitan, M|100/100
|-status|p2a: Darmanitan|psn
|turn|4
|choice|move highjumpkick|move superpower
|
|move|p2a: Darmanitan|Superpower|p1a: Mienshao
|-damage|p1a: Mienshao|13/100
|-unboost|p2a: Darmanitan|atk|1
|-unboost|p2a: Darmanitan|def|1
|move|p1a: Mienshao|High Jump Kick|p2a: Darmanitan
|-damage|p2a: Darmanitan|0 fnt
|-damage|p1a: Mienshao|3/100|[from] item: Life Orb
|faint|p2a: Darmanitan
|
|upkeep
|choice||switch 4
|
|switch|p2a: Rhyperior|Rhyperior, M|100/100
|-status|p2a: Rhyperior|psn
|turn|5
|choice|move highjumpkick|move rockblast
|
|move|p1a: Mienshao|High Jump Kick|p2a: Rhyperior
|-supereffective|p2a: Rhyperior
|-damage|p2a: Rhyperior|38/100 psn
|-damage|p1a: Mienshao|0 fnt|[from] item: Life Orb
|faint|p1a: Mienshao
|move|p2a: Rhyperior|Rock Blast|p1: Mienshao|[notarget]
|-notarget
|
|-heal|p2a: Rhyperior|44/100 psn|[from] item: Leftovers
|-damage|p2a: Rhyperior|32/100 psn|[from] psn
|upkeep
|choice|switch 2|
|
|switch|p1a: Darmanitan|Darmanitan, M|100/100
|turn|6
|choice|move superpower|move earthquake
|
|move|p1a: Darmanitan|Superpower|p2a: Rhyperior
|-supereffective|p2a: Rhyperior
|-damage|p2a: Rhyperior|0 fnt
|-unboost|p1a: Darmanitan|atk|1
|-unboost|p1a: Darmanitan|def|1
|faint|p2a: Rhyperior
|
|upkeep
|choice||switch 6
|
|switch|p2a: Forretress|Forretress, M|100/100
|turn|7
|choice|move superpower|move voltswitch
|
|move|p1a: Darmanitan|Superpower|p2a: Forretress
|-damage|p2a: Forretress|76/100
|-unboost|p1a: Darmanitan|atk|1
|-unboost|p1a: Darmanitan|def|1
|move|p2a: Forretress|Volt Switch|p1a: Darmanitan
|-damage|p1a: Darmanitan|83/100
|choice||switch 5
|
|switch|p2a: Mienshao|Mienshao, M|100/100
|-status|p2a: Mienshao|psn
|
|-damage|p2a: Mienshao|88/100 psn|[from] psn
|upkeep
|turn|8
|choice|move superpower|move highjumpkick
|
|move|p2a: Mienshao|High Jump Kick|p1a: Darmanitan
|-damage|p1a: Darmanitan|0 fnt
|-damage|p2a: Mienshao|78/100 psn|[from] item: Life Orb
|faint|p1a: Darmanitan
|
|-damage|p2a: Mienshao|66/100 psn|[from] psn
|upkeep
|choice|switch 3|
|
|switch|p1a: Suicune|Suicune|100/100
|-ability|p1a: Suicune|Pressure
|turn|9
|choice|move calmmind|move highjumpkick
|
|move|p2a: Mienshao|High Jump Kick|p1a: Suicune
|-damage|p1a: Suicune|25/100
|-damage|p2a: Mienshao|56/100 psn|[from] item: Life Orb
|move|p1a: Suicune|Calm Mind|p1a: Suicune
|-boost|p1a: Suicune|spa|1
|-boost|p1a: Suicune|spd|1
|
|-heal|p1a: Suicune|31/100|[from] item: Leftovers
|-damage|p2a: Mienshao|44/100 psn|[from] psn
|upkeep
|turn|10
|choice|move icebeam|move highjumpkick
|
|move|p2a: Mienshao|High Jump Kick|p1a: Suicune
|-damage|p1a: Suicune|0 fnt
|-damage|p2a: Mienshao|34/100 psn|[from] item: Life Orb
|faint|p1a: Suicune
|
|-damage|p2a: Mienshao|22/100 psn|[from] psn
|upkeep
|choice|switch 5|
|
|switch|p1a: Rotom|Rotom-Heat|100/100
|turn|11
|choice|move hiddenpower|move highjumpkick
|
|move|p1a: Rotom|Hidden Power|p2a: Mienshao
|-damage|p2a: Mienshao|0 fnt
|faint|p2a: Mienshao
|
|upkeep
|choice||switch 2
|
|switch|p2a: Porygon-Z|Porygon-Z|100/100
|-status|p2a: Porygon-Z|psn
|turn|12
|choice|move hiddenpower|move hiddenpower
|
|move|p1a: Rotom|Hidden Power|p2a: Porygon-Z
|-damage|p2a: Porygon-Z|74/100 psn
|move|p2a: Porygon-Z|Hidden Power|p1a: Rotom
|-damage|p1a: Rotom|65/100
|-damage|p2a: Porygon-Z|64/100 psn|[from] item: Life Orb
|
|-damage|p2a: Porygon-Z|52/100 psn|[from] psn
|upkeep
|turn|13
|choice|move hiddenpower|move triattack
|
|move|p1a: Rotom|Hidden Power|p2a: Porygon-Z
|-damage|p2a: Porygon-Z|26/100 psn
|move|p2a: Porygon-Z|Tri Attack|p1a: Rotom
|-damage|p1a: Rotom|0 fnt
|-damage|p2a: Porygon-Z|16/100 psn|[from] item: Life Orb
|faint|p1a: Rotom
|
|-damage|p2a: Porygon-Z|4/100 psn|[from] psn
|upkeep
|choice|switch 4|
|
|switch|p1a: Bronzong|Bronzong|100/100
|turn|14
|choice|move stealthrock|move darkpulse
|
|move|p2a: Porygon-Z|Dark Pulse|p1a: Bronzong
|-supereffective|p1a: Bronzong
|-damage|p1a: Bronzong|39/100
|-damage|p2a: Porygon-Z|0 fnt|[from] item: Life Orb
|faint|p2a: Porygon-Z
|move|p1a: Bronzong|Stealth Rock|p2: Porygon-Z
|-sidestart|p2: SuperSaiyanGodZero|move: Stealth Rock
|
|-heal|p1a: Bronzong|45/100|[from] item: Leftovers
|upkeep
|choice||switch 5
|
|switch|p2a: Forretress|Forretress, M|76/100
|-damage|p2a: Forretress|63/100|[from] Stealth Rock
|turn|15
|choice|move earthquake|move gyroball
|
|move|p2a: Forretress|Gyro Ball|p1a: Bronzong
|-resisted|p1a: Bronzong
|-damage|p1a: Bronzong|43/100
|move|p1a: Bronzong|Earthquake|p2a: Forretress
|-damage|p2a: Forretress|51/100
|
|-heal|p2a: Forretress|58/100|[from] item: Leftovers
|-heal|p1a: Bronzong|49/100|[from] item: Leftovers
|upkeep
|turn|16
|choice|move gyroball|move voltswitch
|
|move|p2a: Forretress|Volt Switch|p1a: Bronzong
|-damage|p1a: Bronzong|39/100
|move|p1a: Bronzong|Gyro Ball|p2a: Forretress
|-resisted|p2a: Forretress
|-damage|p2a: Forretress|55/100
|
|-heal|p2a: Forretress|61/100|[from] item: Leftovers
|-heal|p1a: Bronzong|45/100|[from] item: Leftovers
|upkeep
|turn|17
|choice|move earthquake|move voltswitch
|
|move|p2a: Forretress|Volt Switch|p1a: Bronzong
|-damage|p1a: Bronzong|36/100
|move|p1a: Bronzong|Earthquake|p2a: Forretress
|-damage|p2a: Forretress|50/100
|
|-heal|p2a: Forretress|56/100|[from] item: Leftovers
|-heal|p1a: Bronzong|43/100|[from] item: Leftovers
|upkeep
|turn|18
|choice|move earthquake|move voltswitch
|
|move|p2a: Forretress|Volt Switch|p1a: Bronzong
|-damage|p1a: Bronzong|34/100
|move|p1a: Bronzong|Earthquake|p2a: Forretress
|-damage|p2a: Forretress|44/100
|
|-heal|p2a: Forretress|50/100|[from] item: Leftovers
|-heal|p1a: Bronzong|40/100|[from] item: Leftovers
|upkeep
|turn|19
|choice|move earthquake|move voltswitch
|
|move|p2a: Forretress|Volt Switch|p1a: Bronzong
|-damage|p1a: Bronzong|31/100
|move|p1a: Bronzong|Earthquake|p2a: Forretress
|-damage|p2a: Forretress|38/100
|
|-heal|p2a: Forretress|44/100|[from] item: Leftovers
|-heal|p1a: Bronzong|38/100|[from] item: Leftovers
|upkeep
|turn|20
|choice|move earthquake|move voltswitch
|
|move|p2a: Forretress|Volt Switch|p1a: Bronzong
|-crit|p1a: Bronzong
|-damage|p1a: Bronzong|24/100
|move|p1a: Bronzong|Earthquake|p2a: Forretress
|-damage|p2a: Forretress|32/100
|
|-heal|p2a: Forretress|38/100|[from] item: Leftovers
|-heal|p1a: Bronzong|30/100|[from] item: Leftovers
|upkeep
|turn|21
|choice|move earthquake|move voltswitch
|
|move|p2a: Forretress|Volt Switch|p1a: Bronzong
|-damage|p1a: Bronzong|21/100
|move|p1a: Bronzong|Earthquake|p2a: Forretress
|-damage|p2a: Forretress|25/100
|
|-heal|p2a: Forretress|32/100|[from] item: Leftovers
|-heal|p1a: Bronzong|27/100|[from] item: Leftovers
|upkeep
|turn|22
|c|☆SuperSaiyanGodZero|This battle is going nowhere
|choice|move earthquake|move voltswitch
|
|move|p2a: Forretress|Volt Switch|p1a: Bronzong
|-damage|p1a: Bronzong|17/100
|move|p1a: Bronzong|Earthquake|p2a: Forretress
|-damage|p2a: Forretress|19/100
|
|-heal|p2a: Forretress|25/100|[from] item: Leftovers
|-heal|p1a: Bronzong|23/100|[from] item: Leftovers
|upkeep
|turn|23
|choice|move earthquake|move voltswitch
|
|move|p2a: Forretress|Volt Switch|p1a: Bronzong
|-damage|p1a: Bronzong|15/100
|move|p1a: Bronzong|Earthquake|p2a: Forretress
|-damage|p2a: Forretress|13/100
|
|-heal|p2a: Forretress|19/100|[from] item: Leftovers
|-heal|p1a: Bronzong|21/100|[from] item: Leftovers
|upkeep
|turn|24
|choice|move earthquake|move voltswitch
|
|move|p2a: Forretress|Volt Switch|p1a: Bronzong
|-crit|p1a: Bronzong
|-damage|p1a: Bronzong|7/100
|move|p1a: Bronzong|Earthquake|p2a: Forretress
|-damage|p2a: Forretress|8/100
|
|-heal|p2a: Forretress|15/100|[from] item: Leftovers
|-heal|p1a: Bronzong|13/100|[from] item: Leftovers
|upkeep
|turn|25
|choice|move earthquake|move voltswitch
|
|move|p2a: Forretress|Volt Switch|p1a: Bronzong
|-damage|p1a: Bronzong|4/100
|move|p1a: Bronzong|Earthquake|p2a: Forretress
|-damage|p2a: Forretress|3/100
|
|-heal|p2a: Forretress|9/100|[from] item: Leftovers
|-heal|p1a: Bronzong|11/100|[from] item: Leftovers
|upkeep
|turn|26
|choice|move earthquake|move voltswitch
|
|move|p2a: Forretress|Volt Switch|p1a: Bronzong
|-damage|p1a: Bronzong|1/100
|move|p1a: Bronzong|Earthquake|p2a: Forretress
|-damage|p2a: Forretress|0 fnt
|faint|p2a: Forretress
|
|win|KingofBel92
|raw|KingofBel92's rating: 1000 &rarr; <strong>1040</strong><br />(+40 for winning)
|raw|SuperSaiyanGodZero's rating: 1000 &rarr; <strong>1000</strong><br />(+0 for losing)
|c|☆KingofBel92|gg
|c|☆SuperSaiyanGodZero|Rematch