|j|plsnodciwanttoplay
|j|ghasdfklj
|player|p1|plsnodciwanttoplay|76
|player|p2|ghasdfklj|102
|gametype|singles
|gen|6
|tier|Battle Factory
|seed|39436,19901,46176,53366,42037,28462,14361,9269,52036,6410,30915,6200
|rule|Sleep Clause Mod: Limit one foe put to sleep
|clearpoke
|poke|p1|Tentacruel, M|item
|poke|p1|Darmanitan, M|item
|poke|p1|Pangoro, M|item
|poke|p1|Blissey, F|item
|poke|p1|Tornadus, M|item
|poke|p1|Cobalion|item
|poke|p2|Empoleon, M|item
|poke|p2|Forretress, M|item
|poke|p2|Aerodactyl, M|item
|poke|p2|Galvantula, M|item
|poke|p2|Infernape, M|item
|poke|p2|Tornadus, M|
|rule|HP Percentage Mod: HP is shown in percentages
|rule|Mega Rayquaza Clause: You cannot mega evolve Rayquaza
|teampreview
|choice|team 6, team 2, team 3, team 4, team 5, team 1|team 3, team 2, team 1, team 4, team 5, team 6
|
|start
|switch|p1a: Cobalion|Cobalion|100/100
|switch|p2a: Aerodactyl|Aerodactyl, M|100/100
|-ability|p2a: Aerodactyl|Pressure
|turn|1
|c|☆ghasdfklj|!weak cobalion
|html|<div class="infobox">Cobalion (ignoring abilities):<br /><span class="message-effect-weak">Weaknesses</span>: Fighting, Fire, Ground<br /><span class="message-effect-resist">Resistances</span>: <b>Bug</b>, Dark, Dragon, Grass, Ice, Normal, <b>Rock</b>, Steel<br /><span class="message-effect-immune">Immunities</span>: Poison</div>
|choice|switch 6|switch 5
|
|switch|p2a: Infernape|Infernape, M|100/100
|switch|p1a: Tentacruel|Tentacruel, M|100/100
|
|upkeep
|turn|2
|c|☆ghasdfklj|!weak tentacruel
|html|<div class="infobox">Tentacruel (ignoring abilities):<br /><span class="message-effect-weak">Weaknesses</span>: Electric, Ground, Psychic<br /><span class="message-effect-resist">Resistances</span>: Bug, Fairy, Fighting, Fire, Ice, Poison, Steel, Water<br /><span class="message-effect-immune">Immunities</span>: <font color=#999999>None</font></div>
|choice|move knockoff|switch 2
|
|switch|p2a: Forretress|Forretress, M|100/100
|move|p1a: Tentacruel|Knock Off|p2a: Forretress
|-damage|p2a: Forretress|93/100
|-enditem|p2a: Forretress|Leftovers|[from] move: Knock Off|[of] p1a: Tentacruel
|
|upkeep
|turn|3
|choice|move toxicspikes|move spikes
|
|move|p1a: Tentacruel|Toxic Spikes|p2a: Forretress
|-sidestart|p2: ghasdfklj|move: Toxic Spikes
|move|p2a: Forretress|Spikes|p1a: Tentacruel
|-sidestart|p1: plsnodciwanttoplay|Spikes
|
|upkeep
|turn|4
|choice|move toxicspikes|move voltswitch
|
|move|p1a: Tentacruel|Toxic Spikes|p2a: Forretress
|-sidestart|p2: ghasdfklj|move: Toxic Spikes
|move|p2a: Forretress|Volt Switch|p1a: Tentacruel
|-supereffective|p1a: Tentacruel
|-damage|p1a: Tentacruel|82/100
|choice||switch 5
|
|switch|p2a: Aerodactyl|Aerodactyl, M|100/100
|-ability|p2a: Aerodactyl|Pressure
|
|-heal|p1a: Tentacruel|88/100|[from] item: Black Sludge
|upkeep
|turn|5
|choice|move scald|move stoneedge mega
|
|detailschange|p2a: Aerodactyl|Aerodactyl-Mega, M
|-mega|p2a: Aerodactyl|Aerodactyl|Aerodactylite
|move|p2a: Aerodactyl|Stone Edge|p1a: Tentacruel
|-damage|p1a: Tentacruel|43/100
|move|p1a: Tentacruel|Scald|p2a: Aerodactyl
|-supereffective|p2a: Aerodactyl
|-damage|p2a: Aerodactyl|46/100
|
|-heal|p1a: Tentacruel|49/100|[from] item: Black Sludge
|upkeep
|turn|6
|choice|move scald|switch 4
|
|switch|p2a: Galvantula|Galvantula, M|100/100
|-status|p2a: Galvantula|tox
|move|p1a: Tentacruel|Scald|p2a: Galvantula
|-damage|p2a: Galvantula|62/100 tox
|
|-heal|p1a: Tentacruel|55/100|[from] item: Black Sludge
|-damage|p2a: Galvantula|56/100 tox|[from] psn
|upkeep
|turn|7
|choice|move knockoff|move thunder
|
|move|p2a: Galvantula|Thunder|p1a: Tentacruel
|-supereffective|p1a: Tentacruel
|-damage|p1a: Tentacruel|0 fnt
|faint|p1a: Tentacruel
|
|-damage|p2a: Galvantula|44/100 tox|[from] psn
|upkeep
|choice|switch 3|
|
|switch|p1a: Pangoro|Pangoro, M|100/100
|-damage|p1a: Pangoro|88/100|[from] Spikes
|turn|8
|c|☆ghasdfklj|!weak pangoro
|html|<div class="infobox">Pangoro (ignoring abilities):<br /><span class="message-effect-weak">Weaknesses</span>: <b>Fairy</b>, Fighting, Flying<br /><span class="message-effect-resist">Resistances</span>: <b>Dark</b>, Ghost, Rock<br /><span class="message-effect-immune">Immunities</span>: Psychic</div>
|choice|move knockoff|move thunder
|
|move|p2a: Galvantula|Thunder|p1a: Pangoro
|-damage|p1a: Pangoro|0 fnt
|faint|p1a: Pangoro
|
|-damage|p2a: Galvantula|25/100 tox|[from] psn
|upkeep
|choice|switch 5|
|
|switch|p1a: Tornadus|Tornadus, M|100/100
|turn|9
|choice|move heatwave|move thunder
|
|move|p1a: Tornadus|Heat Wave|p2a: Galvantula
|-supereffective|p2a: Galvantula
|-damage|p2a: Galvantula|0 fnt
|-damage|p1a: Tornadus|91/100|[from] item: Life Orb
|faint|p2a: Galvantula
|
|upkeep
|c|☆ghasdfklj|!weak tornadus
|html|<div class="infobox">Tornadus (ignoring abilities):<br /><span class="message-effect-weak">Weaknesses</span>: Electric, Ice, Rock<br /><span class="message-effect-resist">Resistances</span>: Bug, Fighting, Grass<br /><span class="message-effect-immune">Immunities</span>: Ground</div>
|choice||switch 4
|
|switch|p2a: Aerodactyl|Aerodactyl-Mega, M|46/100
|turn|10
|choice|move grassknot|move stoneedge
|
|move|p2a: Aerodactyl|Stone Edge|p1a: Tornadus
|-supereffective|p1a: Tornadus
|-damage|p1a: Tornadus|0 fnt
|faint|p1a: Tornadus
|
|upkeep
|choice|switch 2|
|
|switch|p1a: Darmanitan|Darmanitan, M|100/100
|-damage|p1a: Darmanitan|88/100|[from] Spikes
|turn|11
|c|☆ghasdfklj|!weak darmanitan
|html|<div class="infobox">Darmanitan (ignoring abilities):<br /><span class="message-effect-weak">Weaknesses</span>: Ground, Rock, Water<br /><span class="message-effect-resist">Resistances</span>: Bug, Fairy, Fire, Grass, Ice, Steel<br /><span class="message-effect-immune">Immunities</span>: <font color=#999999>None</font></div>
|choice|move rockslide|move stoneedge
|
|move|p2a: Aerodactyl|Stone Edge|p1a: Darmanitan
|-supereffective|p1a: Darmanitan
|-damage|p1a: Darmanitan|0 fnt
|faint|p1a: Darmanitan
|
|upkeep
|choice|switch 4|
|
|switch|p1a: Blissey|Blissey, F|100/100
|-damage|p1a: Blissey|88/100|[from] Spikes
|turn|12
|c|☆ghasdfklj|!weak blissey
|html|<div class="infobox">Blissey (ignoring abilities):<br /><span class="message-effect-weak">Weaknesses</span>: Fighting<br /><span class="message-effect-resist">Resistances</span>: <font color=#999999>None</font><br /><span class="message-effect-immune">Immunities</span>: Ghost</div>
|choice|move seismictoss|move aquatail
|
|move|p2a: Aerodactyl|Aqua Tail|p1a: Blissey
|-damage|p1a: Blissey|50/100
|move|p1a: Blissey|Seismic Toss|p2a: Aerodactyl
|-damage|p2a: Aerodactyl|14/100
|
|-heal|p1a: Blissey|56/100|[from] item: Leftovers
|upkeep
|turn|13
|choice|switch 6|move stoneedge
|
|switch|p1a: Cobalion|Cobalion|100/100
|-damage|p1a: Cobalion|88/100|[from] Spikes
|move|p2a: Aerodactyl|Stone Edge|p1a: Cobalion
|-resisted|p1a: Cobalion
|-crit|p1a: Cobalion
|-damage|p1a: Cobalion|72/100
|
|-heal|p1a: Cobalion|79/100|[from] item: Leftovers
|upkeep
|turn|14
|c|☆ghasdfklj|!weak cobalion
|html|<div class="infobox">Cobalion (ignoring abilities):<br /><span class="message-effect-weak">Weaknesses</span>: Fighting, Fire, Ground<br /><span class="message-effect-resist">Resistances</span>: <b>Bug</b>, Dark, Dragon, Grass, Ice, Normal, <b>Rock</b>, Steel<br /><span class="message-effect-immune">Immunities</span>: Poison</div>
|choice|move ironhead|move honeclaws
|
|move|p2a: Aerodactyl|Hone Claws|p2a: Aerodactyl
|-boost|p2a: Aerodactyl|atk|1
|-boost|p2a: Aerodactyl|accuracy|1
|move|p1a: Cobalion|Iron Head|p2a: Aerodactyl
|-supereffective|p2a: Aerodactyl
|-damage|p2a: Aerodactyl|0 fnt
|faint|p2a: Aerodactyl
|
|-heal|p1a: Cobalion|85/100|[from] item: Leftovers
|upkeep
|choice||switch 2
|
|switch|p2a: Infernape|Infernape, M|100/100
|-status|p2a: Infernape|tox
|turn|15
|choice|move closecombat|move vacuumwave
|
|move|p2a: Infernape|Vacuum Wave|p1a: Cobalion
|-supereffective|p1a: Cobalion
|-damage|p1a: Cobalion|16/100
|-damage|p2a: Infernape|91/100 tox|[from] item: Life Orb
|move|p1a: Cobalion|Close Combat|p2a: Infernape
|-damage|p2a: Infernape|13/100 tox
|-unboost|p1a: Cobalion|def|1
|-unboost|p1a: Cobalion|spd|1
|
|-heal|p1a: Cobalion|22/100|[from] item: Leftovers
|-damage|p2a: Infernape|7/100 tox|[from] psn
|upkeep
|turn|16
|c|☆plsnodciwanttoplay|!data vacuum wave
|c|~|/data-move Vacuum Wave

|choice|switch 6|move vacuumwave
|
|switch|p1a: Blissey|Blissey, F|56/100
|-damage|p1a: Blissey|44/100|[from] Spikes
|move|p2a: Infernape|Vacuum Wave|p1a: Blissey
|-supereffective|p1a: Blissey
|-damage|p1a: Blissey|26/100
|-damage|p2a: Infernape|0 fnt|[from] item: Life Orb
|faint|p2a: Infernape
|
|-heal|p1a: Blissey|32/100|[from] item: Leftovers
|upkeep
|c|☆ghasdfklj|!weak blissey
|html|<div class="infobox">Blissey (ignoring abilities):<br /><span class="message-effect-weak">Weaknesses</span>: Fighting<br /><span class="message-effect-resist">Resistances</span>: <font color=#999999>None</font><br /><span class="message-effect-immune">Immunities</span>: Ghost</div>
|choice||switch 5
|
|switch|p2a: Forretress|Forretress, M|93/100
|turn|17
|choice|move softboiled|move rapidspin
|
|move|p1a: Blissey|Soft-Boiled|p1a: Blissey
|-heal|p1a: Blissey|82/100
|move|p2a: Forretress|Rapid Spin|p1a: Blissey
|-damage|p1a: Blissey|78/100
|-sideend|p2: ghasdfklj|Toxic Spikes|[from] move: Rapid Spin|[of] p2a: Forretress
|
|-heal|p1a: Blissey|85/100|[from] item: Leftovers
|upkeep
|turn|18
|choice|move seismictoss|move gyroball
|
|move|p1a: Blissey|Seismic Toss|p2a: Forretress
|-damage|p2a: Forretress|65/100
|move|p2a: Forretress|Gyro Ball|p1a: Blissey
|-damage|p1a: Blissey|72/100
|
|-heal|p1a: Blissey|79/100|[from] item: Leftovers
|upkeep
|turn|19
|choice|move seismictoss|switch 6
|
|switch|p2a: Tornadus|Tornadus, M|100/100
|move|p1a: Blissey|Seismic Toss|p2a: Tornadus
|-damage|p2a: Tornadus|67/100
|
|-heal|p1a: Blissey|85/100|[from] item: Leftovers
|upkeep
|turn|20
|choice|move toxic|move knockoff
|
|move|p2a: Tornadus|Knock Off|p1a: Blissey
|-damage|p1a: Blissey|59/100
|-enditem|p1a: Blissey|Leftovers|[from] move: Knock Off|[of] p2a: Tornadus
|move|p1a: Blissey|Toxic|p2a: Tornadus
|-status|p2a: Tornadus|tox
|
|-damage|p2a: Tornadus|61/100 tox|[from] psn
|upkeep
|turn|21
|choice|move softboiled|move superpower
|
|move|p2a: Tornadus|Superpower|p1a: Blissey
|-supereffective|p1a: Blissey
|-damage|p1a: Blissey|0 fnt
|-unboost|p2a: Tornadus|atk|1
|-unboost|p2a: Tornadus|def|1
|faint|p1a: Blissey
|
|-damage|p2a: Tornadus|49/100 tox|[from] psn
|upkeep
|choice|switch 6|
|
|switch|p1a: Cobalion|Cobalion|22/100
|-damage|p1a: Cobalion|10/100|[from] Spikes
|turn|22
|choice|move ironhead|move knockoff
|
|move|p2a: Tornadus|Knock Off|p1a: Cobalion
|-resisted|p1a: Cobalion
|-damage|p1a: Cobalion|2/100
|-ability|p1a: Cobalion|Justified|boost
|-boost|p1a: Cobalion|atk|1
|-enditem|p1a: Cobalion|Leftovers|[from] move: Knock Off|[of] p2a: Tornadus
|move|p1a: Cobalion|Iron Head|p2a: Tornadus
|-damage|p2a: Tornadus|0 fnt
|faint|p2a: Tornadus
|
|upkeep
|choice||switch 3
|
|switch|p2a: Empoleon|Empoleon, M|100/100
|turn|23
|choice|move closecombat|move scald
|
|move|p1a: Cobalion|Close Combat|p2a: Empoleon
|-supereffective|p2a: Empoleon
|-damage|p2a: Empoleon|0 fnt
|-unboost|p1a: Cobalion|def|1
|-unboost|p1a: Cobalion|spd|1
|faint|p2a: Empoleon
|
|upkeep
|choice||switch 6
|
|switch|p2a: Forretress|Forretress, M|65/100
|turn|24
|choice|move closecombat|move voltswitch
|
|move|p1a: Cobalion|Close Combat|p2a: Forretress
|-crit|p2a: Forretress
|-damage|p2a: Forretress|0 fnt
|-unboost|p1a: Cobalion|def|1
|-unboost|p1a: Cobalion|spd|1
|faint|p2a: Forretress
|
|win|plsnodciwanttoplay
|l|ghasdfklj