|j|Defeitos Especiais
|j|Amoeba ambulante
|player|p1|Defeitos Especiais|265
|player|p2|Amoeba ambulante|170
|gametype|singles
|gen|6
|tier|Battle Factory
|seed|57609,37565,42892,6182,53140,290,19954,20414,53299,34938,1285,37489
|rule|Sleep Clause Mod: Limit one foe put to sleep
|clearpoke
|poke|p1|Chesnaught, M|item
|poke|p1|Whimsicott, M|item
|poke|p1|Ampharos, M|item
|poke|p1|Toxicroak, M|item
|poke|p1|Snorlax, M|item
|poke|p1|Kingdra, M|item
|poke|p2|Chesnaught, M|item
|poke|p2|Reuniclus, M|item
|poke|p2|Krookodile, M|item
|poke|p2|Flygon, M|item
|poke|p2|Haxorus, M|item
|poke|p2|Umbreon, M|item
|rule|HP Percentage Mod: HP is shown in percentages
|rule|Mega Rayquaza Clause: You cannot mega evolve Rayquaza
|teampreview
|choice|team 2, team 1, team 3, team 4, team 5, team 6|team 4, team 2, team 3, team 1, team 5, team 6
|
|start
|switch|p1a: Whimsicott|Whimsicott, M|100/100
|switch|p2a: Flygon|Flygon, M|100/100
|turn|1
|choice|move moonblast|move uturn
|
|move|p2a: Flygon|U-turn|p1a: Whimsicott
|-damage|p1a: Whimsicott|71/100
|choice||switch 2
|
|switch|p2a: Reuniclus|Reuniclus, M|100/100
|move|p1a: Whimsicott|Moonblast|p2a: Reuniclus
|-damage|p2a: Reuniclus|61/100
|-unboost|p2a: Reuniclus|spa|1
|-damage|p1a: Whimsicott|61/100|[from] item: Life Orb
|
|upkeep
|turn|2
|c|☆Defeitos Especiais|ata
|c|☆Defeitos Especiais|:)
|choice|move gigadrain|move calmmind
|
|move|p1a: Whimsicott|Giga Drain|p2a: Reuniclus
|-damage|p2a: Reuniclus|29/100
|-heal|p1a: Whimsicott|87/100|[from] drain|[of] p2a: Reuniclus
|-damage|p1a: Whimsicott|78/100|[from] item: Life Orb
|move|p2a: Reuniclus|Calm Mind|p2a: Reuniclus
|-boost|p2a: Reuniclus|spa|1
|-boost|p2a: Reuniclus|spd|1
|
|upkeep
|turn|3
|choice|move moonblast|move psyshock
|
|move|p1a: Whimsicott|Moonblast|p2a: Reuniclus
|-damage|p2a: Reuniclus|3/100
|-damage|p1a: Whimsicott|68/100|[from] item: Life Orb
|move|p2a: Reuniclus|Psyshock|p1a: Whimsicott
|-damage|p1a: Whimsicott|0 fnt
|faint|p1a: Whimsicott
|
|upkeep
|choice|switch 4|
|
|switch|p1a: Toxicroak|Toxicroak, M|100/100
|turn|4
|choice|move suckerpunch|move psyshock
|
|move|p1a: Toxicroak|Sucker Punch|p2a: Reuniclus
|-supereffective|p2a: Reuniclus
|-damage|p2a: Reuniclus|0 fnt
|-damage|p1a: Toxicroak|91/100|[from] item: Life Orb
|faint|p2a: Reuniclus
|
|upkeep
|c|☆Amoeba ambulante|:^) fuck
|choice||switch 4
|
|switch|p2a: Chesnaught|Chesnaught, M|100/100
|turn|5
|c|☆Defeitos Especiais|:)
|choice|move swordsdance|move drainpunch
|
|move|p1a: Toxicroak|Swords Dance|p1a: Toxicroak
|-boost|p1a: Toxicroak|atk|2
|move|p2a: Chesnaught|Drain Punch|p1a: Toxicroak
|-resisted|p1a: Toxicroak
|-damage|p1a: Toxicroak|68/100
|
|upkeep
|turn|6
|choice|move swordsdance|move spikyshield
|
|move|p2a: Chesnaught|Spiky Shield|p2a: Chesnaught
|-singleturn|p2a: Chesnaught|move: Protect
|move|p1a: Toxicroak|Swords Dance|p1a: Toxicroak
|-boost|p1a: Toxicroak|atk|2
|
|upkeep
|turn|7
|choice|move gunkshot|move spikes
|
|move|p1a: Toxicroak|Gunk Shot|p2a: Chesnaught
|-supereffective|p2a: Chesnaught
|-damage|p2a: Chesnaught|0 fnt
|-damage|p1a: Toxicroak|58/100|[from] item: Life Orb
|faint|p2a: Chesnaught
|
|upkeep
|choice||switch 5
|
|switch|p2a: Haxorus|Haxorus, M|100/100
|-ability|p2a: Haxorus|Mold Breaker
|turn|8
|choice|move gunkshot|move earthquake
|
|move|p2a: Haxorus|Earthquake|p1a: Toxicroak
|-supereffective|p1a: Toxicroak
|-damage|p1a: Toxicroak|0 fnt
|faint|p1a: Toxicroak
|
|upkeep
|c|☆Defeitos Especiais|affe
|choice|switch 2|
|
|switch|p1a: Chesnaught|Chesnaught, M|100/100
|turn|9
|choice|move leechseed|move earthquake
|
|move|p2a: Haxorus|Earthquake|p1a: Chesnaught
|-resisted|p1a: Chesnaught
|-damage|p1a: Chesnaught|79/100
|move|p1a: Chesnaught|Leech Seed|p2a: Haxorus
|-start|p2a: Haxorus|move: Leech Seed
|
|-heal|p1a: Chesnaught|85/100|[from] item: Leftovers
|-damage|p2a: Haxorus|88/100|[from] Leech Seed|[of] p1a: Chesnaught
|-heal|p1a: Chesnaught|95/100|[silent]
|upkeep
|turn|10
|choice|move spikes|switch 2
|
|switch|p2a: Flygon|Flygon, M|100/100
|move|p1a: Chesnaught|Spikes|p2a: Flygon
|-sidestart|p2: Amoeba ambulante|Spikes
|
|-heal|p1a: Chesnaught|100/100|[from] item: Leftovers
|upkeep
|turn|11
|c|☆Amoeba ambulante|naum quero te que cuidar de um goomy
|choice|move spikes|move defog
|
|move|p2a: Flygon|Defog|p1a: Chesnaught
|-unboost|p1a: Chesnaught|evasion|1
|-sideend|p2: Amoeba ambulante|Spikes|[from] move: Defog|[of] p2a: Flygon
|move|p1a: Chesnaught|Spikes|p2a: Flygon
|-sidestart|p2: Amoeba ambulante|Spikes
|
|upkeep
|turn|12
|c|☆Defeitos Especiais|noza
|choice|move leechseed|move defog
|
|move|p2a: Flygon|Defog|p1a: Chesnaught
|-unboost|p1a: Chesnaught|evasion|1
|-sideend|p2: Amoeba ambulante|Spikes|[from] move: Defog|[of] p2a: Flygon
|move|p1a: Chesnaught|Leech Seed|p2a: Flygon
|-start|p2a: Flygon|move: Leech Seed
|
|-damage|p2a: Flygon|88/100|[from] Leech Seed|[of] p1a: Chesnaught
|upkeep
|turn|13
|c|☆Amoeba ambulante|como voce aguenta ter tanto filho
|choice|move drainpunch|move defog
|
|move|p2a: Flygon|Defog|p1a: Chesnaught
|-unboost|p1a: Chesnaught|evasion|1
|move|p1a: Chesnaught|Drain Punch|p2a: Flygon
|-damage|p2a: Flygon|51/100
|
|-damage|p2a: Flygon|39/100|[from] Leech Seed|[of] p1a: Chesnaught
|upkeep
|turn|14
|c|☆Defeitos Especiais|nuzeo
|choice|move spikes|move defog
|
|move|p2a: Flygon|Defog|p1a: Chesnaught
|-unboost|p1a: Chesnaught|evasion|1
|move|p1a: Chesnaught|Spikes|p2a: Flygon
|-sidestart|p2: Amoeba ambulante|Spikes
|
|-damage|p2a: Flygon|26/100|[from] Leech Seed|[of] p1a: Chesnaught
|upkeep
|turn|15
|c|☆Amoeba ambulante|falou para ela que naum to aqui
|choice|move spikes|switch 3
|
|switch|p2a: Krookodile|Krookodile, M|100/100
|-damage|p2a: Krookodile|88/100|[from] Spikes
|-ability|p2a: Krookodile|Intimidate|boost
|-unboost|p1a: Chesnaught|atk|1
|move|p1a: Chesnaught|Spikes|p2a: Krookodile
|-sidestart|p2: Amoeba ambulante|Spikes
|
|-heal|p2a: Krookodile|94/100|[from] item: Leftovers
|upkeep
|turn|16
|c|☆Defeitos Especiais|ata
|choice|move leechseed|move taunt
|
|move|p2a: Krookodile|Taunt|p1a: Chesnaught
|-start|p1a: Chesnaught|move: Taunt
|cant|p1a: Chesnaught|move: Taunt|Leech Seed
|
|-heal|p2a: Krookodile|99/100|[from] item: Leftovers
|upkeep
|turn|17
|c|☆Amoeba ambulante|falou?
|c|☆Defeitos Especiais|vuz ser fedido
|c|☆Defeitos Especiais|falei
|c|☆Amoeba ambulante|ae
|c|☆Defeitos Especiais|ela ta trepanu cumigu
|choice|move drainpunch|move knockoff
|
|move|p2a: Krookodile|Knock Off|p1a: Chesnaught
|-resisted|p1a: Chesnaught
|-damage|p1a: Chesnaught|85/100
|-enditem|p1a: Chesnaught|Leftovers|[from] move: Knock Off|[of] p2a: Krookodile
|move|p1a: Chesnaught|Drain Punch|p2a: Krookodile
|-supereffective|p2a: Krookodile
|-damage|p2a: Krookodile|75/100
|-heal|p1a: Chesnaught|98/100|[from] drain|[of] p2a: Krookodile
|
|-heal|p2a: Krookodile|81/100|[from] item: Leftovers
|upkeep
|turn|18
|c|☆Amoeba ambulante|vu cunta pa belossum
|choice|switch 6|move knockoff
|
|switch|p1a: Kingdra|Kingdra, M|100/100
|move|p2a: Krookodile|Knock Off|p1a: Kingdra
|-damage|p1a: Kingdra|53/100
|-enditem|p1a: Kingdra|Scope Lens|[from] move: Knock Off|[of] p2a: Krookodile
|
|-heal|p2a: Krookodile|88/100|[from] item: Leftovers
|upkeep
|turn|19
|c|☆Defeitos Especiais|noza
|choice|move waterfall|move taunt
|
|move|p1a: Kingdra|Waterfall|p2a: Krookodile
|-supereffective|p2a: Krookodile
|-damage|p2a: Krookodile|48/100
|move|p2a: Krookodile|Taunt|p1a: Kingdra
|-start|p1a: Kingdra|move: Taunt
|
|-heal|p2a: Krookodile|54/100|[from] item: Leftovers
|upkeep
|turn|20
|choice|move waterfall|move knockoff
|
|move|p1a: Kingdra|Waterfall|p2a: Krookodile
|-supereffective|p2a: Krookodile
|-damage|p2a: Krookodile|19/100
|move|p2a: Krookodile|Knock Off|p1a: Kingdra
|-damage|p1a: Kingdra|23/100
|
|-heal|p2a: Krookodile|25/100|[from] item: Leftovers
|upkeep
|turn|21
|c|☆Defeitos Especiais|vem ca porola
|c|☆Defeitos Especiais|vem pro pal
|c|☆Amoeba ambulante|kakaka
|choice|move waterfall|move stealthrock
|
|move|p1a: Kingdra|Waterfall|p2a: Krookodile
|-supereffective|p2a: Krookodile
|-damage|p2a: Krookodile|0 fnt
|faint|p2a: Krookodile
|
|upkeep
|c|☆Amoeba ambulante|otakinhu
|choice||switch 3
|
|switch|p2a: Flygon|Flygon, M|26/100
|turn|22
|choice|move dracometeor|move outrage
|
|move|p2a: Flygon|Outrage|p1a: Kingdra
|-supereffective|p1a: Kingdra
|-damage|p1a: Kingdra|0 fnt
|faint|p1a: Kingdra
|
|upkeep
|c|☆Defeitos Especiais|eba
|c|☆Defeitos Especiais|ficou presu
|c|☆Amoeba ambulante|kakaka
|choice|switch 6|
|
|switch|p1a: Chesnaught|Chesnaught, M|98/100
|turn|23
|choice|move spikyshield|move outrage
|
|move|p1a: Chesnaught|Spiky Shield|p1a: Chesnaught
|-singleturn|p1a: Chesnaught|move: Protect
|move|p2a: Flygon|Outrage|p1a: Chesnaught|[from]lockedmove
|-activate|p1a: Chesnaught|move: Protect
|-damage|p2a: Flygon|14/100|[from] Spiky Shield|[of] p1a: Chesnaught
|-start|p2a: Flygon|confusion|[fatigue]
|
|upkeep
|turn|24
|choice|move leechseed|move outrage
|
|-activate|p2a: Flygon|confusion
|move|p2a: Flygon|Outrage|p1a: Chesnaught
|-damage|p1a: Chesnaught|58/100
|move|p1a: Chesnaught|Leech Seed|p2a: Flygon|[miss]
|-miss|p1a: Chesnaught|p2a: Flygon
|
|upkeep
|turn|25
|choice|move spikyshield|move outrage
|
|move|p1a: Chesnaught|Spiky Shield|p1a: Chesnaught
|-singleturn|p1a: Chesnaught|move: Protect
|-activate|p2a: Flygon|confusion
|-damage|p2a: Flygon|0 fnt|[from] confusion
|faint|p2a: Flygon
|
|upkeep
|choice||switch 6
|
|switch|p2a: Umbreon|Umbreon, M|100/100
|-damage|p2a: Umbreon|84/100|[from] Spikes
|turn|26
|choice|move leechseed|move wish
|
|move|p2a: Umbreon|Wish|p2a: Umbreon
|move|p1a: Chesnaught|Leech Seed|p2a: Umbreon|[miss]
|-miss|p1a: Chesnaught|p2a: Umbreon
|
|-heal|p2a: Umbreon|90/100|[from] item: Leftovers
|upkeep
|turn|27
|c|☆Defeitos Especiais|porra
|choice|move leechseed|move protect
|
|move|p2a: Umbreon|Protect|p2a: Umbreon
|-singleturn|p2a: Umbreon|Protect
|move|p1a: Chesnaught|Leech Seed|p2a: Umbreon
|-activate|p2a: Umbreon|move: Protect
|
|-heal|p2a: Umbreon|100/100|[from] move: Wish|[wisher] Umbreon
|upkeep
|turn|28
|c|☆Amoeba ambulante|kkkkkkkk
|choice|move leechseed|move wish
|
|move|p2a: Umbreon|Wish|p2a: Umbreon
|move|p1a: Chesnaught|Leech Seed|p2a: Umbreon
|-start|p2a: Umbreon|move: Leech Seed
|
|-damage|p2a: Umbreon|88/100|[from] Leech Seed|[of] p1a: Chesnaught
|-heal|p1a: Chesnaught|71/100|[silent]
|upkeep
|turn|29
|c|☆Defeitos Especiais|lazarento
|choice|move spikes|move foulplay
|
|move|p2a: Umbreon|Foul Play|p1a: Chesnaught
|-resisted|p1a: Chesnaught
|-damage|p1a: Chesnaught|58/100
|move|p1a: Chesnaught|Spikes|p2a: Umbreon
|-sidestart|p2: Amoeba ambulante|Spikes
|
|-heal|p2a: Umbreon|100/100|[from] move: Wish|[wisher] Umbreon
|-damage|p2a: Umbreon|88/100|[from] Leech Seed|[of] p1a: Chesnaught
|-heal|p1a: Chesnaught|71/100|[silent]
|upkeep
|turn|30
|choice|move drainpunch|move wish
|
|move|p2a: Umbreon|Wish|p2a: Umbreon
|move|p1a: Chesnaught|Drain Punch|p2a: Umbreon
|-supereffective|p2a: Umbreon
|-damage|p2a: Umbreon|44/100
|-heal|p1a: Chesnaught|94/100|[from] drain|[of] p2a: Umbreon
|
|-heal|p2a: Umbreon|50/100|[from] item: Leftovers
|-damage|p2a: Umbreon|37/100|[from] Leech Seed|[of] p1a: Chesnaught
|-heal|p1a: Chesnaught|100/100|[silent]
|upkeep
|turn|31
|choice|move drainpunch|switch 2
|
|switch|p2a: Haxorus|Haxorus, M|88/100
|-damage|p2a: Haxorus|63/100|[from] Spikes
|-ability|p2a: Haxorus|Mold Breaker
|move|p1a: Chesnaught|Drain Punch|p2a: Haxorus
|-damage|p2a: Haxorus|26/100
|
|-heal|p2a: Haxorus|93/100|[from] move: Wish|[wisher] Umbreon
|upkeep
|turn|32
|c|☆Amoeba ambulante|kakakakak
|c|☆Defeitos Especiais|vuze ser fedidu
|choice|move leechseed|move poisonjab
|
|move|p2a: Haxorus|Poison Jab|p1a: Chesnaught
|-supereffective|p1a: Chesnaught
|-damage|p1a: Chesnaught|28/100
|move|p1a: Chesnaught|Leech Seed|p2a: Haxorus
|-start|p2a: Haxorus|move: Leech Seed
|
|-damage|p2a: Haxorus|81/100|[from] Leech Seed|[of] p1a: Chesnaught
|-heal|p1a: Chesnaught|37/100|[silent]
|upkeep
|turn|33
|c|☆Amoeba ambulante|voze que ke
|c|☆Amoeba ambulante|enfia denovo meu negocio na goodra*
|choice|move spikyshield|move poisonjab
|
|move|p1a: Chesnaught|Spiky Shield|p1a: Chesnaught
|-singleturn|p1a: Chesnaught|move: Protect
|move|p2a: Haxorus|Poison Jab|p1a: Chesnaught
|-activate|p1a: Chesnaught|move: Protect
|-damage|p2a: Haxorus|68/100|[from] Spiky Shield|[of] p1a: Chesnaught
|
|-damage|p2a: Haxorus|56/100|[from] Leech Seed|[of] p1a: Chesnaught
|-heal|p1a: Chesnaught|47/100|[silent]
|upkeep
|turn|34
|c|☆Defeitos Especiais|noza
|c|☆Amoeba ambulante|ke foe?
|c|☆Amoeba ambulante|sai leiti*
|choice|move spikyshield|move poisonjab
|
|move|p1a: Chesnaught|Spiky Shield|p1a: Chesnaught
|-fail|p1a: Chesnaught
|move|p2a: Haxorus|Poison Jab|p1a: Chesnaught
|-supereffective|p1a: Chesnaught
|-damage|p1a: Chesnaught|0 fnt
|faint|p1a: Chesnaught
|
|upkeep
|c|☆Defeitos Especiais|nunca tenho sorte
|choice|switch 5|
|
|switch|p1a: Snorlax|Snorlax, M|100/100
|turn|35
|c|☆Amoeba ambulante|ue
|choice|move curse|move poisonjab
|
|move|p2a: Haxorus|Poison Jab|p1a: Snorlax
|-damage|p1a: Snorlax|63/100
|-status|p1a: Snorlax|psn
|move|p1a: Snorlax|Curse|p1a: Snorlax
|-unboost|p1a: Snorlax|spe|1
|-boost|p1a: Snorlax|atk|1
|-boost|p1a: Snorlax|def|1
|
|-heal|p1a: Snorlax|69/100 psn|[from] item: Leftovers
|-damage|p2a: Haxorus|44/100|[from] Leech Seed|[of] p1a: Snorlax
|-heal|p1a: Snorlax|76/100 psn|[silent]
|-damage|p1a: Snorlax|64/100 psn|[from] psn
|upkeep
|turn|36
|choice|move curse|move poisonjab
|
|move|p2a: Haxorus|Poison Jab|p1a: Snorlax
|-damage|p1a: Snorlax|40/100 psn
|move|p1a: Snorlax|Curse|p1a: Snorlax
|-unboost|p1a: Snorlax|spe|1
|-boost|p1a: Snorlax|atk|1
|-boost|p1a: Snorlax|def|1
|
|-heal|p1a: Snorlax|47/100 psn|[from] item: Leftovers
|-damage|p2a: Haxorus|32/100|[from] Leech Seed|[of] p1a: Snorlax
|-heal|p1a: Snorlax|54/100 psn|[silent]
|-damage|p1a: Snorlax|41/100 psn|[from] psn
|upkeep
|turn|37
|choice|move rest|move poisonjab
|
|move|p2a: Haxorus|Poison Jab|p1a: Snorlax
|-damage|p1a: Snorlax|22/100 psn
|move|p1a: Snorlax|Rest|p1a: Snorlax
|-status|p1a: Snorlax|slp
|-heal|p1a: Snorlax|100/100 slp|[silent]
|-status|p1a: Snorlax|slp|[from] move: Rest
|
|-damage|p2a: Haxorus|19/100|[from] Leech Seed|[of] p1a: Snorlax
|upkeep
|turn|38
|c|☆Defeitos Especiais|ai delizia
|c|☆Amoeba ambulante|efidepe
|choice|move sleeptalk|move poisonjab
|
|move|p2a: Haxorus|Poison Jab|p1a: Snorlax
|-crit|p1a: Snorlax
|-damage|p1a: Snorlax|53/100 slp
|cant|p1a: Snorlax|slp
|move|p1a: Snorlax|Sleep Talk|p1a: Snorlax
|move|p1a: Snorlax|Curse|p1a: Snorlax|[from]Sleep Talk
|-unboost|p1a: Snorlax|spe|1
|-boost|p1a: Snorlax|atk|1
|-boost|p1a: Snorlax|def|1
|
|-heal|p1a: Snorlax|59/100 slp|[from] item: Leftovers
|-damage|p2a: Haxorus|7/100|[from] Leech Seed|[of] p1a: Snorlax
|-heal|p1a: Snorlax|66/100 slp|[silent]
|upkeep
|turn|39
|c|☆Amoeba ambulante|escorrega*
|c|☆Defeitos Especiais|crit
|c|☆Amoeba ambulante|pola
|choice|move sleeptalk|move poisonjab
|
|move|p2a: Haxorus|Poison Jab|p1a: Snorlax
|-crit|p1a: Snorlax
|-damage|p1a: Snorlax|18/100 slp
|cant|p1a: Snorlax|slp
|move|p1a: Snorlax|Sleep Talk|p1a: Snorlax
|move|p1a: Snorlax|Curse|p1a: Snorlax|[from]Sleep Talk
|-unboost|p1a: Snorlax|spe|1
|-boost|p1a: Snorlax|atk|1
|-boost|p1a: Snorlax|def|1
|
|-heal|p1a: Snorlax|24/100 slp|[from] item: Leftovers
|-damage|p2a: Haxorus|0 fnt|[from] Leech Seed|[of] p1a: Snorlax
|-heal|p1a: Snorlax|28/100 slp|[silent]
|upkeep
|faint|p2a: Haxorus
|c|☆Defeitos Especiais|cirt
|c|☆Defeitos Especiais|crit
|choice||switch 2
|
|switch|p2a: Umbreon|Umbreon, M|37/100
|-damage|p2a: Umbreon|12/100|[from] Spikes
|turn|40
|choice|move sleeptalk|move foulplay
|
|move|p2a: Umbreon|Foul Play|p1a: Snorlax
|-damage|p1a: Snorlax|0 fnt
|faint|p1a: Snorlax
|
|-heal|p2a: Umbreon|19/100|[from] item: Leftovers
|upkeep
|choice|switch 3|
|
|switch|p1a: Ampharos|Ampharos, M|100/100
|turn|41
|c|☆Amoeba ambulante|kakaka
|c|☆Amoeba ambulante|tchau
|choice|move focusblast mega|move wish
|
|detailschange|p1a: Ampharos|Ampharos-Mega, M
|-mega|p1a: Ampharos|Ampharos|Ampharosite
|-ability|p1a: Ampharos|Mold Breaker
|move|p1a: Ampharos|Focus Blast|p2a: Umbreon|[miss]
|-miss|p1a: Ampharos|p2a: Umbreon
|move|p2a: Umbreon|Wish|p2a: Umbreon
|
|-heal|p2a: Umbreon|25/100|[from] item: Leftovers
|upkeep
|turn|42
|c|☆Defeitos Especiais|MEGA FOCUS BLAST NO TEU CU
|c|☆Amoeba ambulante|meldelz
|c|☆Defeitos Especiais|aaaffffeee
|c|☆Defeitos Especiais|NERF
|c|☆Amoeba ambulante|eu sou dragon
|c|☆Amoeba ambulante|E NERF OU NADA
|choice|move focusblast|move protect
|
|move|p2a: Umbreon|Protect|p2a: Umbreon
|-singleturn|p2a: Umbreon|Protect
|move|p1a: Ampharos|Focus Blast|p2a: Umbreon
|-activate|p2a: Umbreon|move: Protect
|
|-heal|p2a: Umbreon|75/100|[from] move: Wish|[wisher] Umbreon
|-heal|p2a: Umbreon|81/100|[from] item: Leftovers
|upkeep
|turn|43
|c|☆Defeitos Especiais|agora acerta
|c|☆Defeitos Especiais|PAITOLA
|c|☆Amoeba ambulante|kakakakaak
|c|☆Amoeba ambulante|boiola
|c|☆Amoeba ambulante|poiola
|c|☆Defeitos Especiais|FIATINHO
|choice|move focusblast|move foulplay
|
|move|p1a: Ampharos|Focus Blast|p2a: Umbreon
|-supereffective|p2a: Umbreon
|-damage|p2a: Umbreon|21/100
|move|p2a: Umbreon|Foul Play|p1a: Ampharos
|-damage|p1a: Ampharos|75/100
|
|-heal|p2a: Umbreon|27/100|[from] item: Leftovers
|upkeep
|turn|44
|c|☆Amoeba ambulante|FIAT
|c|☆Amoeba ambulante|CHEVROLET
|c|☆Defeitos Especiais|ata
|choice|move focusblast|move protect
|
|move|p2a: Umbreon|Protect|p2a: Umbreon
|-singleturn|p2a: Umbreon|Protect
|move|p1a: Ampharos|Focus Blast|p2a: Umbreon
|-activate|p2a: Umbreon|move: Protect
|
|-heal|p2a: Umbreon|33/100|[from] item: Leftovers
|upkeep
|turn|45
|choice|move focusblast|move wish
|
|move|p1a: Ampharos|Focus Blast|p2a: Umbreon
|-supereffective|p2a: Umbreon
|-damage|p2a: Umbreon|0 fnt
|faint|p2a: Umbreon
|
|win|Defeitos Especiais
|c|☆Defeitos Especiais|:)
|l|Amoeba ambulante