|j|Piplup40
|j|DragonicMaster31
|player|p1|Piplup40|2
|player|p2|DragonicMaster31|250
|gametype|singles
|gen|6
|tier|Battle Factory
|seed|58645,7817,65309,2319,30239,31172,8608,21399,22873,15366,24423,58755
|rule|Sleep Clause Mod: Limit one foe put to sleep
|clearpoke
|poke|p1|Donphan, M|item
|poke|p1|Metagross|item
|poke|p1|Gardevoir, M|item
|poke|p1|Swampert, M|item
|poke|p1|Rhyperior, M|item
|poke|p1|Aromatisse, M|item
|poke|p2|Reuniclus, M|item
|poke|p2|Cloyster, M|item
|poke|p2|Rhyperior, M|item
|poke|p2|Vaporeon, M|item
|poke|p2|Aggron, M|item
|poke|p2|Galvantula, M|item
|rule|HP Percentage Mod: HP is shown in percentages
|rule|Mega Rayquaza Clause: You cannot mega evolve Rayquaza
|teampreview
|l|DragonicMaster31
|player|p2|
|choice|team 2, team 1, team 3, team 4, team 5, team 6|team 6, team 2, team 3, team 4, team 5, team 1
|
|start
|switch|p1a: Metagross|Metagross|100/100
|switch|p2a: Galvantula|Galvantula, M|100/100
|turn|1
|j|DragonicMaster31
|player|p2|DragonicMaster31|250
|choice|move stealthrock|move bugbuzz
|
|move|p2a: Galvantula|Bug Buzz|p1a: Metagross
|-damage|p1a: Metagross|30/100
|move|p1a: Metagross|Stealth Rock|p2a: Galvantula
|-sidestart|p2: DragonicMaster31|move: Stealth Rock
|
|upkeep
|turn|2
|choice|move icepunch|move bugbuzz
|
|move|p2a: Galvantula|Bug Buzz|p1a: Metagross
|-damage|p1a: Metagross|0 fnt
|faint|p1a: Metagross
|
|upkeep
|choice|switch 2|
|
|switch|p1a: Donphan|Donphan, M|100/100
|turn|3
|choice|move earthquake|move bugbuzz
|
|move|p2a: Galvantula|Bug Buzz|p1a: Donphan
|-damage|p1a: Donphan|46/100
|move|p1a: Donphan|Earthquake|p2a: Galvantula
|-damage|p2a: Galvantula|2/100
|
|upkeep
|turn|4
|choice|move earthquake|move bugbuzz
|
|move|p2a: Galvantula|Bug Buzz|p1a: Donphan
|-damage|p1a: Donphan|0 fnt
|faint|p1a: Donphan
|
|upkeep
|choice|switch 6|
|
|switch|p1a: Aromatisse|Aromatisse, M|100/100
|turn|5
|choice|move moonblast|move bugbuzz
|
|move|p2a: Galvantula|Bug Buzz|p1a: Aromatisse
|-resisted|p1a: Aromatisse
|-damage|p1a: Aromatisse|74/100
|move|p1a: Aromatisse|Moonblast|p2a: Galvantula
|-damage|p2a: Galvantula|0 fnt
|faint|p2a: Galvantula
|
|-heal|p1a: Aromatisse|80/100|[from] item: Leftovers
|upkeep
|choice||switch 5
|
|switch|p2a: Aggron|Aggron, M|100/100
|-damage|p2a: Aggron|94/100|[from] Stealth Rock
|turn|6
|choice|move protect|move heavyslam mega
|
|detailschange|p2a: Aggron|Aggron-Mega, M
|-mega|p2a: Aggron|Aggron|Aggronite
|move|p1a: Aromatisse|Protect|p1a: Aromatisse
|-singleturn|p1a: Aromatisse|Protect
|move|p2a: Aggron|Heavy Slam|p1a: Aromatisse
|-activate|p1a: Aromatisse|move: Protect
|
|-heal|p1a: Aromatisse|87/100|[from] item: Leftovers
|upkeep
|turn|7
|choice|move moonblast|move heavyslam
|
|move|p2a: Aggron|Heavy Slam|p1a: Aromatisse
|-supereffective|p1a: Aromatisse
|-damage|p1a: Aromatisse|0 fnt
|faint|p1a: Aromatisse
|
|upkeep
|choice|switch 5|
|
|switch|p1a: Rhyperior|Rhyperior, M|100/100
|turn|8
|choice|move aquatail|move earthquake
|
|move|p1a: Rhyperior|Aqua Tail|p2a: Aggron
|-damage|p2a: Aggron|69/100
|move|p2a: Aggron|Earthquake|p1a: Rhyperior
|-supereffective|p1a: Rhyperior
|-damage|p1a: Rhyperior|71/100
|
|upkeep
|turn|9
|choice|move aquatail|move earthquake
|
|move|p1a: Rhyperior|Aqua Tail|p2a: Aggron
|-damage|p2a: Aggron|45/100
|move|p2a: Aggron|Earthquake|p1a: Rhyperior
|-supereffective|p1a: Rhyperior
|-damage|p1a: Rhyperior|41/100
|
|upkeep
|turn|10
|choice|move aquatail|move earthquake
|
|move|p1a: Rhyperior|Aqua Tail|p2a: Aggron
|-damage|p2a: Aggron|21/100
|move|p2a: Aggron|Earthquake|p1a: Rhyperior
|-supereffective|p1a: Rhyperior
|-damage|p1a: Rhyperior|14/100
|
|upkeep
|turn|11
|choice|move aquatail|switch 4
|
|switch|p2a: Vaporeon|Vaporeon, M|100/100
|-damage|p2a: Vaporeon|88/100|[from] Stealth Rock
|move|p1a: Rhyperior|Aqua Tail|p2a: Vaporeon
|-heal|p2a: Vaporeon|100/100|[from] ability: Water Absorb|[of] p1a: Rhyperior
|
|upkeep
|turn|12
|choice|switch 3|move scald
|
|switch|p1a: Gardevoir|Gardevoir, M|100/100
|-ability|p1a: Gardevoir|Water Absorb|[from] ability: Trace|[of] p2a: Vaporeon
|move|p2a: Vaporeon|Scald|p1a: Gardevoir
|-immune|p1a: Gardevoir|[msg]|[from] ability: Water Absorb
|
|upkeep
|turn|13
|choice|move trick|switch 6
|
|switch|p2a: Reuniclus|Reuniclus, M|100/100
|move|p1a: Gardevoir|Trick|p2a: Reuniclus
|-activate|p1a: Gardevoir|move: Trick|[of] p2a: Reuniclus
|-item|p2a: Reuniclus|Choice Specs|[from] move: Trick
|-item|p1a: Gardevoir|Leftovers|[from] move: Trick
|
|upkeep
|turn|14
|choice|move trick|move calmmind
|
|move|p1a: Gardevoir|Trick|p2a: Reuniclus
|-activate|p1a: Gardevoir|move: Trick|[of] p2a: Reuniclus
|-item|p2a: Reuniclus|Leftovers|[from] move: Trick
|-item|p1a: Gardevoir|Choice Specs|[from] move: Trick
|move|p2a: Reuniclus|Calm Mind|p2a: Reuniclus
|-boost|p2a: Reuniclus|spa|1
|-boost|p2a: Reuniclus|spd|1
|
|upkeep
|turn|15
|choice|move trick|move psyshock
|
|move|p1a: Gardevoir|Trick|p2a: Reuniclus
|-activate|p1a: Gardevoir|move: Trick|[of] p2a: Reuniclus
|-item|p2a: Reuniclus|Choice Specs|[from] move: Trick
|-item|p1a: Gardevoir|Leftovers|[from] move: Trick
|move|p2a: Reuniclus|Psyshock|p1a: Gardevoir
|-resisted|p1a: Gardevoir
|-damage|p1a: Gardevoir|36/100
|
|-heal|p1a: Gardevoir|42/100|[from] item: Leftovers
|upkeep
|turn|16
|choice|move focusblast|move psyshock
|
|move|p1a: Gardevoir|Focus Blast|p2a: Reuniclus
|-resisted|p2a: Reuniclus
|-damage|p2a: Reuniclus|89/100
|move|p2a: Reuniclus|Psyshock|p1a: Gardevoir
|-resisted|p1a: Gardevoir
|-damage|p1a: Gardevoir|0 fnt
|faint|p1a: Gardevoir
|
|upkeep
|choice|switch 3|
|
|switch|p1a: Rhyperior|Rhyperior, M|14/100
|turn|17
|choice|move stoneedge|move psyshock
|
|move|p1a: Rhyperior|Stone Edge|p2a: Reuniclus
|-damage|p2a: Reuniclus|29/100
|move|p2a: Reuniclus|Psyshock|p1a: Rhyperior
|-damage|p1a: Rhyperior|0 fnt
|faint|p1a: Rhyperior
|
|upkeep
|choice|switch 4|
|
|switch|p1a: Swampert|Swampert, M|100/100
|turn|18
|choice|move waterfall mega|move psyshock
|
|detailschange|p1a: Swampert|Swampert-Mega, M
|-mega|p1a: Swampert|Swampert|Swampertite
|move|p1a: Swampert|Waterfall|p2a: Reuniclus
|-damage|p2a: Reuniclus|0 fnt
|faint|p2a: Reuniclus
|
|upkeep
|choice||switch 6
|
|switch|p2a: Vaporeon|Vaporeon, M|100/100
|-damage|p2a: Vaporeon|88/100|[from] Stealth Rock
|turn|19
|choice|move earthquake|move scald
|
|move|p1a: Swampert|Earthquake|p2a: Vaporeon
|-damage|p2a: Vaporeon|35/100
|move|p2a: Vaporeon|Scald|p1a: Swampert
|-damage|p1a: Swampert|76/100
|
|-heal|p2a: Vaporeon|41/100|[from] item: Leftovers
|upkeep
|turn|20
|choice|move earthquake|move scald
|
|move|p1a: Swampert|Earthquake|p2a: Vaporeon
|-damage|p2a: Vaporeon|0 fnt
|faint|p2a: Vaporeon
|
|upkeep
|choice||switch 2
|
|switch|p2a: Cloyster|Cloyster, M|100/100
|-damage|p2a: Cloyster|76/100|[from] Stealth Rock
|turn|21
|choice|move earthquake|move explosion
|
|move|p2a: Cloyster|Explosion|p1a: Swampert
|-damage|p1a: Swampert|21/100
|faint|p2a: Cloyster
|move|p1a: Swampert|Earthquake|p2: Cloyster|[notarget]
|-notarget
|
|upkeep
|choice||switch 3
|
|switch|p2a: Rhyperior|Rhyperior, M|100/100
|-damage|p2a: Rhyperior|94/100|[from] Stealth Rock
|turn|22
|choice|move earthquake|move rockblast
|
|move|p1a: Swampert|Earthquake|p2a: Rhyperior
|-supereffective|p2a: Rhyperior
|-damage|p2a: Rhyperior|36/100
|move|p2a: Rhyperior|Rock Blast|p1a: Swampert|[miss]
|-miss|p2a: Rhyperior|p1a: Swampert
|
|-heal|p2a: Rhyperior|42/100|[from] item: Leftovers
|upkeep
|turn|23
|choice|move earthquake|move megahorn
|
|move|p1a: Swampert|Earthquake|p2a: Rhyperior
|-supereffective|p2a: Rhyperior
|-damage|p2a: Rhyperior|0 fnt
|faint|p2a: Rhyperior
|
|upkeep
|choice||switch 4
|
|switch|p2a: Aggron|Aggron-Mega, M|21/100
|-damage|p2a: Aggron|15/100|[from] Stealth Rock
|turn|24
|choice|move earthquake|move rest
|
|move|p1a: Swampert|Earthquake|p2a: Aggron
|-supereffective|p2a: Aggron
|-damage|p2a: Aggron|0 fnt
|faint|p2a: Aggron
|
|win|Piplup40