|j|Koter45
|j|ubhinjomk
|player|p1|Koter45|101
|player|p2|ubhinjomk|265
|gametype|singles
|gen|6
|tier|Battle Factory
|rated
|seed|55275,45972,51545,41974,26063,47296,41197,38724,55246,42043,12075,61684
|rule|Sleep Clause Mod: Limit one foe put to sleep
|clearpoke
|poke|p1|Gorebyss, M|item
|poke|p1|Jumpluff, M|
|poke|p1|Arbok, M|item
|poke|p1|Fraxure, M|item
|poke|p1|Solrock|item
|poke|p1|Gourgeist-*, M|item
|poke|p2|Pawniard, M|item
|poke|p2|Vullaby, F|item
|poke|p2|Quilladin, M|item
|poke|p2|Stunfisk, M|item
|poke|p2|Ninetales, M|item
|poke|p2|Huntail, M|item
|rule|HP Percentage Mod: HP is shown in percentages
|rule|Mega Rayquaza Clause: You cannot mega evolve Rayquaza
|teampreview
|c|☆Koter45|Good luck and have fun
|choice|team 5, team 2, team 3, team 4, team 1, team 6|team 1, team 2, team 3, team 4, team 5, team 6
|
|start
|switch|p1a: Solrock|Solrock|100/100
|switch|p2a: Pawniard|Pawniard, M|100/100
|turn|1
|c|☆Koter45|because you are going to need luck to beat me
|c|☆Koter45|you better enjoy it while you can
|c|☆ubhinjomk|yeah, 'cause you got a busted team while mine suck
|c|☆ubhinjomk|so go to hell, lucky ass
|choice|switch 4|move knockoff
|
|switch|p1a: Fraxure|Fraxure, M|100/100
|-ability|p1a: Fraxure|Mold Breaker
|move|p2a: Pawniard|Knock Off|p1a: Fraxure
|-damage|p1a: Fraxure|57/100
|-enditem|p1a: Fraxure|Eviolite|[from] move: Knock Off|[of] p2a: Pawniard
|
|upkeep
|turn|2
|c|☆Koter45|no your team is god like
|choice|move lowkick|switch 2
|
|switch|p2a: Vullaby|Vullaby, F|100/100
|move|p1a: Fraxure|Low Kick|p2a: Vullaby
|-damage|p2a: Vullaby|95/100
|
|upkeep
|turn|3
|c|☆ubhinjomk|MY TEAM SUCKS, GO TO FUCKING HELL CHEATING ASSHOLE
|choice|move dragondance|move foulplay
|
|move|p1a: Fraxure|Dragon Dance|p1a: Fraxure
|-boost|p1a: Fraxure|atk|1
|-boost|p1a: Fraxure|spe|1
|move|p2a: Vullaby|Foul Play|p1a: Fraxure
|-damage|p1a: Fraxure|0 fnt
|faint|p1a: Fraxure
|
|upkeep
|choice|switch 5|
|
|switch|p1a: Gorebyss|Gorebyss, M|100/100
|turn|4
|choice|move shellsmash|move foulplay
|
|move|p1a: Gorebyss|Shell Smash|p1a: Gorebyss
|-unboost|p1a: Gorebyss|def|1
|-unboost|p1a: Gorebyss|spd|1
|-boost|p1a: Gorebyss|atk|2
|-boost|p1a: Gorebyss|spa|2
|-boost|p1a: Gorebyss|spe|2
|-enditem|p1a: Gorebyss|White Herb
|-clearnegativeboost|p1a: Gorebyss|[silent]
|move|p2a: Vullaby|Foul Play|p1a: Gorebyss
|-damage|p1a: Gorebyss|38/100
|
|upkeep
|turn|5
|c|☆Koter45|you just killed one of my mons
|choice|move icebeam|move foulplay
|
|move|p1a: Gorebyss|Ice Beam|p2a: Vullaby
|-supereffective|p2a: Vullaby
|-damage|p2a: Vullaby|11/100
|move|p2a: Vullaby|Foul Play|p1a: Gorebyss
|-damage|p1a: Gorebyss|0 fnt
|faint|p1a: Gorebyss
|
|upkeep
|choice|switch 2|
|
|switch|p1a: Jumpluff|Jumpluff, M|100/100
|turn|6
|choice|move acrobatics|move foulplay
|
|move|p1a: Jumpluff|Acrobatics|p2a: Vullaby
|-damage|p2a: Vullaby|0 fnt
|faint|p2a: Vullaby
|
|upkeep
|c|☆Koter45|I hate you because your team is amazing
|choice||switch 5
|
|switch|p2a: Ninetales|Ninetales, M|100/100
|turn|7
|choice|switch 4|move fireblast
|
|switch|p1a: Solrock|Solrock|100/100
|move|p2a: Ninetales|Fire Blast|p1a: Solrock
|-resisted|p1a: Solrock
|-damage|p1a: Solrock|73/100
|
|upkeep
|turn|8
|choice|move stoneedge|move energyball
|
|move|p2a: Ninetales|Energy Ball|p1a: Solrock
|-supereffective|p1a: Solrock
|-damage|p1a: Solrock|12/100
|move|p1a: Solrock|Stone Edge|p2a: Ninetales
|-supereffective|p2a: Ninetales
|-damage|p2a: Ninetales|0 fnt
|faint|p2a: Ninetales
|
|upkeep
|choice||switch 6
|
|switch|p2a: Huntail|Huntail, M|100/100
|turn|9
|choice|move stoneedge|move shellsmash
|
|move|p2a: Huntail|Shell Smash|p2a: Huntail
|-unboost|p2a: Huntail|def|1
|-unboost|p2a: Huntail|spd|1
|-boost|p2a: Huntail|atk|2
|-boost|p2a: Huntail|spa|2
|-boost|p2a: Huntail|spe|2
|-enditem|p2a: Huntail|White Herb
|-clearnegativeboost|p2a: Huntail|[silent]
|move|p1a: Solrock|Stone Edge|p2a: Huntail|[miss]
|-miss|p1a: Solrock|p2a: Huntail
|
|upkeep
|turn|10
|c|☆Koter45|stop cheating
|choice|move stoneedge|move waterfall
|
|move|p2a: Huntail|Waterfall|p1a: Solrock
|-supereffective|p1a: Solrock
|-damage|p1a: Solrock|0 fnt
|faint|p1a: Solrock
|
|upkeep
|c|☆Koter45|you are such a cheater
|choice|switch 3|
|
|switch|p1a: Arbok|Arbok, M|100/100
|-ability|p1a: Arbok|Intimidate|boost
|-unboost|p2a: Huntail|atk|1
|turn|11
|choice|move suckerpunch|move waterfall
|
|move|p1a: Arbok|Sucker Punch|p2a: Huntail
|-damage|p2a: Huntail|70/100
|move|p2a: Huntail|Waterfall|p1a: Arbok
|-damage|p1a: Arbok|0 fnt
|faint|p1a: Arbok
|
|upkeep
|choice|switch 6|
|
|switch|p1a: Gourgeist|Gourgeist-Small, M|100/100
|turn|12
|choice|move destinybond|move icebeam
|
|move|p1a: Gourgeist|Destiny Bond|p1a: Gourgeist
|-singlemove|p1a: Gourgeist|Destiny Bond
|move|p2a: Huntail|Ice Beam|p1a: Gourgeist
|-supereffective|p1a: Gourgeist
|-damage|p1a: Gourgeist|0 fnt
|faint|p1a: Gourgeist
|-activate|p1a: Gourgeist|move: Destiny Bond
|faint|p2a: Huntail
|
|upkeep
|choice|switch 4|switch 2
|
|switch|p1a: Jumpluff|Jumpluff, M|100/100
|switch|p2a: Pawniard|Pawniard, M|100/100
|turn|13
|choice|move sleeppowder|move knockoff
|
|move|p1a: Jumpluff|Sleep Powder|p2a: Pawniard
|-status|p2a: Pawniard|slp
|cant|p2a: Pawniard|slp
|
|upkeep
|turn|14
|choice|move swordsdance|switch 4
|
|switch|p2a: Stunfisk|Stunfisk, M|100/100
|move|p1a: Jumpluff|Swords Dance|p1a: Jumpluff
|-boost|p1a: Jumpluff|atk|2
|
|upkeep
|turn|15
|choice|move seedbomb|move discharge
|
|move|p1a: Jumpluff|Seed Bomb|p2a: Stunfisk
|-supereffective|p2a: Stunfisk
|-damage|p2a: Stunfisk|33/100
|move|p2a: Stunfisk|Discharge|p1a: Jumpluff
|-damage|p1a: Jumpluff|72/100
|
|upkeep
|turn|16
|l|ubhinjomk
|player|p2|
|j|ubhinjomk
|player|p2|ubhinjomk|265
|choice|move seedbomb|move discharge
|
|move|p1a: Jumpluff|Seed Bomb|p2a: Stunfisk
|-supereffective|p2a: Stunfisk
|-damage|p2a: Stunfisk|0 fnt
|faint|p2a: Stunfisk
|
|upkeep
|choice||switch 4
|
|switch|p2a: Pawniard|Pawniard, M|100/100 slp
|turn|17
|choice|move seedbomb|move knockoff
|
|move|p1a: Jumpluff|Seed Bomb|p2a: Pawniard
|-resisted|p2a: Pawniard
|-damage|p2a: Pawniard|66/100 slp
|cant|p2a: Pawniard|slp
|
|upkeep
|turn|18
|choice|move seedbomb|move knockoff
|
|move|p1a: Jumpluff|Seed Bomb|p2a: Pawniard
|-resisted|p2a: Pawniard
|-damage|p2a: Pawniard|35/100 slp
|-curestatus|p2a: Pawniard|slp|[msg]
|move|p2a: Pawniard|Knock Off|p1a: Jumpluff
|-damage|p1a: Jumpluff|27/100
|
|upkeep
|turn|19
|choice|move sleeppowder|move knockoff
|
|move|p1a: Jumpluff|Sleep Powder|p2a: Pawniard|[miss]
|-miss|p1a: Jumpluff|p2a: Pawniard
|move|p2a: Pawniard|Knock Off|p1a: Jumpluff
|-damage|p1a: Jumpluff|0 fnt
|faint|p1a: Jumpluff
|
|win|ubhinjomk
|c|☆ubhinjomk|completely deserved
|raw|Koter45's rating: 1037 &rarr; <strong>1020</strong><br />(-17 for losing)
|raw|ubhinjomk's rating: 1000 &rarr; <strong>1044</strong><br />(+44 for winning)
|c|☆ubhinjomk|you won 'cause your gourgeist was somehow faster than a +2 gorebyss
|c|☆ubhinjomk|*huntail
|c|☆ubhinjomk|that's ridicolous