|j|StreetCredCookie
|j|ShadowBlast
|player|p1|StreetCredCookie|126
|player|p2|ShadowBlast|141
|gametype|singles
|gen|6
|tier|Battle Factory
|seed|49550,60091,41586,36586,64876,32641,24540,31086,53609,22435,29723,50160
|rule|Sleep Clause Mod: Limit one foe put to sleep
|clearpoke
|poke|p1|Zoroark, M|item
|poke|p1|Abomasnow, M|item
|poke|p1|Metagross|item
|poke|p1|Honchkrow, M|item
|poke|p1|Chandelure, M|item
|poke|p1|Gligar, M|item
|poke|p2|Cloyster, M|item
|poke|p2|Darmanitan, M|item
|poke|p2|Hydreigon, M|item
|poke|p2|Tentacruel, M|item
|poke|p2|Forretress, M|item
|poke|p2|Beedrill, M|item
|rule|HP Percentage Mod: HP is shown in percentages
|rule|Mega Rayquaza Clause: You cannot mega evolve Rayquaza
|teampreview
|c|☆StreetCredCookie|goin down the list i guess
|c|☆ShadowBlast|lol
|c|☆StreetCredCookie|ubers, ou, now uu
|c|☆ShadowBlast|i guess so
|j|GeniusX
|choice|team 3, team 2, team 4, team 5, team 6, team 1|team 3, team 2, team 1, team 4, team 5, team 6
|
|start
|switch|p1a: Metagross|Metagross|100/100
|switch|p2a: Hydreigon|Hydreigon, M|100/100
|turn|1
|c| GeniusX|pretty balanced matchup
|c| GeniusX|unlike last game
|c| GeniusX|tho cookies dark resist
|c|☆ShadowBlast|this is zoroark
|c|☆ShadowBlast|i bet
|c|☆StreetCredCookie|do u
|c|☆StreetCredCookie|is it tho
|choice|move stealthrock|switch 4
|
|switch|p2a: Tentacruel|Tentacruel, M|100/100
|move|p1a: Metagross|Stealth Rock|p2a: Tentacruel
|-sidestart|p2: ShadowBlast|move: Stealth Rock
|
|upkeep
|turn|2
|c| GeniusX|lmao
|c|☆ShadowBlast|well then
|c| GeniusX|>zoroark
|choice|move zenheadbutt|move rapidspin
|
|move|p2a: Tentacruel|Rapid Spin|p1a: Metagross
|-resisted|p1a: Metagross
|-damage|p1a: Metagross|99/100
|-sideend|p2: ShadowBlast|Stealth Rock|[from] move: Rapid Spin|[of] p2a: Tentacruel
|move|p1a: Metagross|Zen Headbutt|p2a: Tentacruel
|-supereffective|p2a: Tentacruel
|-damage|p2a: Tentacruel|14/100
|
|-heal|p2a: Tentacruel|20/100|[from] item: Black Sludge
|upkeep
|turn|3
|choice|move stealthrock|move toxicspikes
|
|move|p2a: Tentacruel|Toxic Spikes|p1a: Metagross
|-sidestart|p1: StreetCredCookie|move: Toxic Spikes
|move|p1a: Metagross|Stealth Rock|p2a: Tentacruel
|-sidestart|p2: ShadowBlast|move: Stealth Rock
|
|-heal|p2a: Tentacruel|26/100|[from] item: Black Sludge
|upkeep
|turn|4
|c| GeniusX|guy just weakend his only chandy counter
|choice|switch 4|move rapidspin
|
|switch|p1a: Chandelure|Chandelure, M|100/100
|-status|p1a: Chandelure|psn
|move|p2a: Tentacruel|Rapid Spin|p1a: Chandelure
|-immune|p1a: Chandelure|[msg]
|
|-heal|p2a: Tentacruel|32/100|[from] item: Black Sludge
|-damage|p1a: Chandelure|88/100 psn|[from] psn
|upkeep
|turn|5
|choice|move shadowball|move scald
|
|move|p1a: Chandelure|Shadow Ball|p2a: Tentacruel
|-damage|p2a: Tentacruel|0 fnt
|faint|p2a: Tentacruel
|
|-damage|p1a: Chandelure|76/100 psn|[from] psn
|upkeep
|c|☆ShadowBlast|i have 3 spinners
|c|☆ShadowBlast|wtf
|c|☆StreetCredCookie|lol
|choice||switch 4
|
|switch|p2a: Hydreigon|Hydreigon, M|100/100
|-damage|p2a: Hydreigon|88/100|[from] Stealth Rock
|turn|6
|c| GeniusX|nice spinblock
|c|☆StreetCredCookie|guess that was pointless
|choice|switch 3|move darkpulse
|
|switch|p1a: Honchkrow|Honchkrow, M|100/100
|move|p2a: Hydreigon|Dark Pulse|p1a: Honchkrow
|-resisted|p1a: Honchkrow
|-damage|p1a: Honchkrow|34/100
|
|upkeep
|turn|7
|choice|move superpower|move darkpulse
|
|move|p1a: Honchkrow|Superpower|p2a: Hydreigon
|-supereffective|p2a: Hydreigon
|-damage|p2a: Hydreigon|0 fnt
|-unboost|p1a: Honchkrow|atk|1
|-unboost|p1a: Honchkrow|def|1
|faint|p2a: Hydreigon
|-ability|p1a: Honchkrow|Moxie|boost
|-boost|p1a: Honchkrow|atk|1
|
|upkeep
|c|☆ShadowBlast|that isnt a set
|choice||switch 5
|
|switch|p2a: Forretress|Forretress, M|100/100
|-damage|p2a: Forretress|88/100|[from] Stealth Rock
|turn|8
|c|☆StreetCredCookie|lol
|choice|switch 3|move voltswitch
|
|switch|p1a: Chandelure|Chandelure, M|76/100 psn
|move|p2a: Forretress|Volt Switch|p1a: Chandelure
|-damage|p1a: Chandelure|60/100 psn
|c| GeniusX|smh
|c| GeniusX|scarf krow is common
|c|☆ShadowBlast|if this is scarf i alrdy lose
|c|☆ShadowBlast|is it rly
|c|☆ShadowBlast|i only play OU
|choice||switch 6
|
|switch|p2a: Beedrill|Beedrill, M|100/100
|-damage|p2a: Beedrill|76/100|[from] Stealth Rock
|
|-damage|p1a: Chandelure|48/100 psn|[from] psn
|upkeep
|turn|9
|c|☆StreetCredCookie|you'd think
|choice|switch 3|move protect mega
|
|switch|p1a: Honchkrow|Honchkrow, M|34/100
|detailschange|p2a: Beedrill|Beedrill-Mega, M
|-mega|p2a: Beedrill|Beedrill|Beedrillite
|move|p2a: Beedrill|Protect|p2a: Beedrill
|-fail|p2a: Beedrill
|
|upkeep
|turn|10
|choice|move heatwave|move drillrun
|
|move|p2a: Beedrill|Drill Run|p1a: Honchkrow
|-immune|p1a: Honchkrow|[msg]
|move|p1a: Honchkrow|Heat Wave|p2a: Beedrill
|-supereffective|p2a: Beedrill
|-damage|p2a: Beedrill|9/100
|
|upkeep
|turn|11
|c| GeniusX|huh
|choice|move heatwave|move drillrun
|
|move|p2a: Beedrill|Drill Run|p1a: Honchkrow
|-immune|p1a: Honchkrow|[msg]
|move|p1a: Honchkrow|Heat Wave|p2a: Beedrill
|-supereffective|p2a: Beedrill
|-damage|p2a: Beedrill|0 fnt
|faint|p2a: Beedrill
|-ability|p1a: Honchkrow|Moxie|boost
|-boost|p1a: Honchkrow|atk|1
|
|upkeep
|c|☆StreetCredCookie|oh
|c| GeniusX|drill run?
|c| GeniusX|oh
|choice||switch 3
|
|switch|p2a: Cloyster|Cloyster, M|100/100
|-damage|p2a: Cloyster|76/100|[from] Stealth Rock
|turn|12
|c| GeniusX|i see
|c|☆StreetCredCookie|nice choke
|c| GeniusX|hes not choking
|c|☆ShadowBlast|choke?
|c| GeniusX|hes trying to set up with cloyster
|c| GeniusX|by not kiling
|c| GeniusX|krow
|c| GeniusX|that locked into heat wave
|c|☆ShadowBlast|if only
|c|☆ShadowBlast|i saw
|c|☆ShadowBlast|this
|c|☆ShadowBlast|didnt have
|c|☆ShadowBlast|shell smash
|c|☆StreetCredCookie|lol
|choice|move heatwave|move rapidspin
|
|move|p1a: Honchkrow|Heat Wave|p2a: Cloyster
|-damage|p2a: Cloyster|19/100
|move|p2a: Cloyster|Rapid Spin|p1a: Honchkrow
|-damage|p1a: Honchkrow|23/100
|-sideend|p2: ShadowBlast|Stealth Rock|[from] move: Rapid Spin|[of] p2a: Cloyster
|
|upkeep
|turn|13
|choice|move heatwave|move spikes
|
|move|p1a: Honchkrow|Heat Wave|p2a: Cloyster
|-damage|p2a: Cloyster|0 fnt
|faint|p2a: Cloyster
|-ability|p1a: Honchkrow|Moxie|boost
|-boost|p1a: Honchkrow|atk|1
|
|upkeep
|c| GeniusX|lmfao
|choice||switch 2
|
|switch|p2a: Darmanitan|Darmanitan, M|100/100
|turn|14
|choice|switch 5|move uturn
|
|switch|p1a: Gligar|Gligar, M|100/100
|move|p2a: Darmanitan|U-turn|p1a: Gligar
|-resisted|p1a: Gligar
|-damage|p1a: Gligar|90/100
|-damage|p2a: Darmanitan|91/100|[from] item: Life Orb
|c| GeniusX|and i thought kcric was being strategic
|choice||switch 6
|
|switch|p2a: Forretress|Forretress, M|88/100
|
|-heal|p2a: Forretress|94/100|[from] item: Leftovers
|upkeep
|turn|15
|c|☆ShadowBlast|i was
|c|☆ShadowBlast|but the game said
|c|☆ShadowBlast|no
|c|☆ShadowBlast|bad sets
|choice|move defog|move spikes
|
|move|p1a: Gligar|Defog|p2a: Forretress
|-unboost|p2a: Forretress|evasion|1
|-sideend|p1: StreetCredCookie|Toxic Spikes|[from] move: Defog|[of] p1a: Gligar
|move|p2a: Forretress|Spikes|p1a: Gligar
|-sidestart|p1: StreetCredCookie|Spikes
|
|-heal|p2a: Forretress|100/100|[from] item: Leftovers
|upkeep
|turn|16
|c|☆ShadowBlast|can i forfeit D
|c|☆ShadowBlast|XD
|choice|move earthquake|switch 6
|
|switch|p2a: Darmanitan|Darmanitan, M|91/100
|move|p1a: Gligar|Earthquake|p2a: Darmanitan
|-supereffective|p2a: Darmanitan
|-damage|p2a: Darmanitan|10/100
|
|upkeep
|turn|17
|c| GeniusX|lmao sure
|choice|move roost|move flareblitz
|
|move|p2a: Darmanitan|Flare Blitz|p1a: Gligar
|-damage|p1a: Gligar|13/100
|-damage|p2a: Darmanitan|0 fnt|[from] recoil|[of] p1a: Gligar
|faint|p2a: Darmanitan
|move|p1a: Gligar|Roost|p1a: Gligar
|-heal|p1a: Gligar|63/100
|
|upkeep
|choice||switch 6
|
|switch|p2a: Forretress|Forretress, M|100/100
|turn|18
|choice|move earthquake|move rapidspin
|
|move|p1a: Gligar|Earthquake|p2a: Forretress
|-damage|p2a: Forretress|87/100
|move|p2a: Forretress|Rapid Spin|p1a: Gligar
|-damage|p1a: Gligar|60/100
|
|-heal|p2a: Forretress|93/100|[from] item: Leftovers
|upkeep
|turn|19
|c|☆StreetCredCookie|gotta 6-0
|choice|move earthquake|move rapidspin
|
|move|p1a: Gligar|Earthquake|p2a: Forretress
|-damage|p2a: Forretress|78/100
|move|p2a: Forretress|Rapid Spin|p1a: Gligar
|-damage|p1a: Gligar|57/100
|
|-heal|p2a: Forretress|84/100|[from] item: Leftovers
|upkeep
|turn|20
|-message|ShadowBlast forfeited.
|
|win|StreetCredCookie
|c|☆StreetCredCookie|gg
|c|☆ShadowBlast|gg