|j|The MDE
|j|Rubenich
|player|p1|The MDE|167
|player|p2|Rubenich|52
|gametype|singles
|gen|7
|tier|[Gen 7] Random Battle
|rated
|seed|43410,31958,13814,41421,31642,44137,5408,12846,34122,58041,42065,42165
|rule|Sleep Clause Mod: Limit one foe put to sleep
|rule|HP Percentage Mod: HP is shown in percentages
|
|start
|switch|p1a: Arcanine|Arcanine, L77, M|100/100
|switch|p2a: Conkeldurr|Conkeldurr, L77, F|100/100
|-ability|p1a: Arcanine|Intimidate|boost
|-unboost|p2a: Conkeldurr|atk|1
|turn|1
|choice|move roar|move drainpunch
|
|move|p2a: Conkeldurr|Drain Punch|p1a: Arcanine
|-damage|p1a: Arcanine|60/100
|-damage|p2a: Conkeldurr|91/100|[from] item: Life Orb
|move|p1a: Arcanine|Roar|p2a: Conkeldurr
|drag|p2a: Alakazam|Alakazam, L75, F|100/100
|
|-heal|p1a: Arcanine|66/100|[from] item: Leftovers
|upkeep
|turn|2
|choice|move crunch|switch 6
|
|switch|p2a: Darmanitan|Darmanitan, L77, F|100/100
|move|p1a: Arcanine|Crunch|p2a: Darmanitan
|-damage|p2a: Darmanitan|73/100
|-unboost|p2a: Darmanitan|def|1
|
|-heal|p1a: Arcanine|72/100|[from] item: Leftovers
|upkeep
|turn|3
|choice|move flareblitz|move earthquake
|
|move|p1a: Arcanine|Flare Blitz|p2a: Darmanitan
|-resisted|p2a: Darmanitan
|-damage|p2a: Darmanitan|29/100
|-damage|p1a: Arcanine|56/100|[from] recoil|[of] p2a: Darmanitan
|move|p2a: Darmanitan|Earthquake|p1a: Arcanine
|-supereffective|p1a: Arcanine
|-damage|p1a: Arcanine|0 fnt
|-damage|p2a: Darmanitan|20/100|[from] item: Life Orb
|faint|p1a: Arcanine
|
|upkeep
|choice|switch 5|
|
|switch|p1a: Gyarados|Gyarados, L76, M|100/100
|turn|4
|choice|move dragondance|move rockslide
|
|move|p2a: Darmanitan|Rock Slide|p1a: Gyarados
|-supereffective|p1a: Gyarados
|-damage|p1a: Gyarados|10/100
|move|p1a: Gyarados|Dragon Dance|p1a: Gyarados
|-boost|p1a: Gyarados|atk|1
|-boost|p1a: Gyarados|spe|1
|
|-heal|p1a: Gyarados|16/100|[from] item: Leftovers
|upkeep
|turn|5
|choice|move waterfall|move rockslide
|
|move|p1a: Gyarados|Waterfall|p2a: Darmanitan
|-supereffective|p2a: Darmanitan
|-damage|p2a: Darmanitan|0 fnt
|faint|p2a: Darmanitan
|-ability|p1a: Gyarados|Moxie|boost
|-boost|p1a: Gyarados|atk|1
|
|-heal|p1a: Gyarados|22/100|[from] item: Leftovers
|upkeep
|choice||switch 5
|
|switch|p2a: Azumarill|Azumarill, L76, M|100/100
|turn|6
|choice|move rest|move knockoff
|
|move|p1a: Gyarados|Rest|p1a: Gyarados
|-status|p1a: Gyarados|slp
|-heal|p1a: Gyarados|100/100 slp|[silent]
|-status|p1a: Gyarados|slp|[from] move: Rest
|move|p2a: Azumarill|Knock Off|p1a: Gyarados
|-damage|p1a: Gyarados|56/100 slp
|-enditem|p1a: Gyarados|Leftovers|[from] move: Knock Off|[of] p2a: Azumarill
|
|upkeep
|turn|7
|choice|move sleeptalk|switch 2
|
|switch|p2a: Chesnaught|Chesnaught, L79, F|100/100
|cant|p1a: Gyarados|slp
|move|p1a: Gyarados|Sleep Talk|p1a: Gyarados
|move|p1a: Gyarados|Dragon Dance|p1a: Gyarados|[from]Sleep Talk
|-boost|p1a: Gyarados|atk|1
|-boost|p1a: Gyarados|spe|1
|
|upkeep
|turn|8
|choice|move sleeptalk|move leechseed
|
|cant|p1a: Gyarados|slp
|move|p1a: Gyarados|Sleep Talk|p1a: Gyarados
|move|p1a: Gyarados|Dragon Dance|p1a: Gyarados|[from]Sleep Talk
|-boost|p1a: Gyarados|atk|1
|-boost|p1a: Gyarados|spe|1
|move|p2a: Chesnaught|Leech Seed|p1a: Gyarados
|-start|p1a: Gyarados|move: Leech Seed
|
|-damage|p1a: Gyarados|43/100 slp|[from] Leech Seed|[of] p2a: Chesnaught
|upkeep
|turn|9
|choice|move dragondance|move spikes
|
|-curestatus|p1a: Gyarados|slp|[msg]
|move|p1a: Gyarados|Dragon Dance|p1a: Gyarados
|-boost|p1a: Gyarados|atk|1
|-boost|p1a: Gyarados|spe|1
|move|p2a: Chesnaught|Spikes|p1a: Gyarados
|-sidestart|p1: The MDE|Spikes
|
|-damage|p1a: Gyarados|31/100|[from] Leech Seed|[of] p2a: Chesnaught
|upkeep
|turn|10
|choice|move rest|move spikyshield
|
|move|p2a: Chesnaught|Spiky Shield|p2a: Chesnaught
|-singleturn|p2a: Chesnaught|move: Protect
|move|p1a: Gyarados|Rest|p1a: Gyarados
|-status|p1a: Gyarados|slp
|-heal|p1a: Gyarados|100/100 slp|[silent]
|-status|p1a: Gyarados|slp|[from] move: Rest
|
|-damage|p1a: Gyarados|88/100 slp|[from] Leech Seed|[of] p2a: Chesnaught
|upkeep
|turn|11
|choice|move sleeptalk|move spikes
|
|cant|p1a: Gyarados|slp
|move|p1a: Gyarados|Sleep Talk|p1a: Gyarados
|move|p1a: Gyarados|Dragon Dance|p1a: Gyarados|[from]Sleep Talk
|-boost|p1a: Gyarados|atk|1
|-boost|p1a: Gyarados|spe|1
|move|p2a: Chesnaught|Spikes|p1a: Gyarados
|-sidestart|p1: The MDE|Spikes
|
|-damage|p1a: Gyarados|76/100 slp|[from] Leech Seed|[of] p2a: Chesnaught
|upkeep
|turn|12
|choice|move sleeptalk|move spikes
|
|cant|p1a: Gyarados|slp
|move|p1a: Gyarados|Sleep Talk|p1a: Gyarados
|move|p1a: Gyarados|Dragon Dance|p1a: Gyarados|[from]Sleep Talk
|-boost|p1a: Gyarados|atk|0
|-boost|p1a: Gyarados|spe|1
|move|p2a: Chesnaught|Spikes|p1a: Gyarados
|-sidestart|p1: The MDE|Spikes
|
|-damage|p1a: Gyarados|64/100 slp|[from] Leech Seed|[of] p2a: Chesnaught
|upkeep
|turn|13
|choice|move waterfall|move spikyshield
|
|move|p2a: Chesnaught|Spiky Shield|p2a: Chesnaught
|-singleturn|p2a: Chesnaught|move: Protect
|-curestatus|p1a: Gyarados|slp|[msg]
|move|p1a: Gyarados|Waterfall|p2a: Chesnaught
|-activate|p2a: Chesnaught|move: Protect
|-damage|p1a: Gyarados|51/100|[from] Spiky Shield|[of] p2a: Chesnaught
|
|-damage|p1a: Gyarados|39/100|[from] Leech Seed|[of] p2a: Chesnaught
|upkeep
|turn|14
|choice|move rest|move drainpunch
|
|move|p1a: Gyarados|Rest|p1a: Gyarados
|-status|p1a: Gyarados|slp
|-heal|p1a: Gyarados|100/100 slp|[silent]
|-status|p1a: Gyarados|slp|[from] move: Rest
|move|p2a: Chesnaught|Drain Punch|p1a: Gyarados
|-resisted|p1a: Gyarados
|-damage|p1a: Gyarados|83/100 slp
|
|-damage|p1a: Gyarados|70/100 slp|[from] Leech Seed|[of] p2a: Chesnaught
|upkeep
|turn|15
|choice|move sleeptalk|move drainpunch
|
|cant|p1a: Gyarados|slp
|move|p1a: Gyarados|Sleep Talk|p1a: Gyarados
|move|p1a: Gyarados|Dragon Dance|p1a: Gyarados|[from]Sleep Talk
|-boost|p1a: Gyarados|atk|0
|-boost|p1a: Gyarados|spe|0
|move|p2a: Chesnaught|Drain Punch|p1a: Gyarados
|-resisted|p1a: Gyarados
|-damage|p1a: Gyarados|53/100 slp
|
|-damage|p1a: Gyarados|40/100 slp|[from] Leech Seed|[of] p2a: Chesnaught
|upkeep
|turn|16
|choice|move sleeptalk|move drainpunch
|
|cant|p1a: Gyarados|slp
|move|p1a: Gyarados|Sleep Talk|p1a: Gyarados
|move|p1a: Gyarados|Dragon Dance|p1a: Gyarados|[from]Sleep Talk
|-boost|p1a: Gyarados|atk|0
|-boost|p1a: Gyarados|spe|0
|move|p2a: Chesnaught|Drain Punch|p1a: Gyarados
|-resisted|p1a: Gyarados
|-damage|p1a: Gyarados|24/100 slp
|
|-damage|p1a: Gyarados|12/100 slp|[from] Leech Seed|[of] p2a: Chesnaught
|upkeep
|turn|17
|choice|move rest|move drainpunch
|
|-curestatus|p1a: Gyarados|slp|[msg]
|move|p1a: Gyarados|Rest|p1a: Gyarados
|-status|p1a: Gyarados|slp
|-heal|p1a: Gyarados|100/100 slp|[silent]
|-status|p1a: Gyarados|slp|[from] move: Rest
|move|p2a: Chesnaught|Drain Punch|p1a: Gyarados
|-resisted|p1a: Gyarados
|-damage|p1a: Gyarados|82/100 slp
|
|-damage|p1a: Gyarados|70/100 slp|[from] Leech Seed|[of] p2a: Chesnaught
|upkeep
|turn|18
|choice|move dragondance|move drainpunch
|
|cant|p1a: Gyarados|slp
|move|p2a: Chesnaught|Drain Punch|p1a: Gyarados
|-resisted|p1a: Gyarados
|-damage|p1a: Gyarados|53/100 slp
|
|-damage|p1a: Gyarados|41/100 slp|[from] Leech Seed|[of] p2a: Chesnaught
|upkeep
|turn|19
|choice|move dragondance|move drainpunch
|
|cant|p1a: Gyarados|slp
|move|p2a: Chesnaught|Drain Punch|p1a: Gyarados
|-resisted|p1a: Gyarados
|-damage|p1a: Gyarados|24/100 slp
|
|-damage|p1a: Gyarados|12/100 slp|[from] Leech Seed|[of] p2a: Chesnaught
|upkeep
|turn|20
|choice|move rest|switch 6
|
|switch|p2a: Alakazam|Alakazam, L75, F|100/100
|-curestatus|p1a: Gyarados|slp|[msg]
|move|p1a: Gyarados|Rest|p1a: Gyarados
|-status|p1a: Gyarados|slp
|-heal|p1a: Gyarados|100/100 slp|[silent]
|-status|p1a: Gyarados|slp|[from] move: Rest
|
|-damage|p1a: Gyarados|88/100 slp|[from] Leech Seed|[of] p2a: Alakazam
|upkeep
|turn|21
|choice|move sleeptalk|move psyshock mega
|
|detailschange|p2a: Alakazam|Alakazam-Mega, L75, F
|-mega|p2a: Alakazam|Alakazam|Alakazite
|-ability|p2a: Alakazam|Moxie|[from] ability: Trace|[of] p1a: Gyarados
|cant|p1a: Gyarados|slp
|move|p1a: Gyarados|Sleep Talk|p1a: Gyarados
|move|p1a: Gyarados|Waterfall|p2a: Alakazam|[from]Sleep Talk
|-damage|p2a: Alakazam|0 fnt
|faint|p2a: Alakazam
|
|upkeep
|choice||switch 3
|
|switch|p2a: Stoutland|Stoutland, L79, F|100/100
|turn|22
|choice|move sleeptalk|move wildcharge
|
|cant|p1a: Gyarados|slp
|move|p1a: Gyarados|Sleep Talk|p1a: Gyarados
|move|p1a: Gyarados|Waterfall|p2a: Stoutland|[from]Sleep Talk
|-damage|p2a: Stoutland|0 fnt
|faint|p2a: Stoutland
|
|upkeep
|-message|Rubenich forfeited.
|
|win|The MDE
|l|Rubenich
|raw|The MDE's rating: 1701 &rarr; <strong>1723</strong><br />(+22 for winning)
|raw|Rubenich's rating: 1702 &rarr; <strong>1681</strong><br />(-21 for losing)